3709 5459
374 608 446 690 184
568 590 855 674 cL-nvls
902 586 1355 678 Homerica:

425 855 525 928 odnie
549 880 588 941 με
613 852 678 921 ieie
701 782 1020 951 sexiesqv‘QZJm
1048 852 1200 931 ssudiose
1224 849 1448 946 sepulturam
1468 849 1514 926 uli

1560 467 1584 964 l

380 953 594 1031 servaverint
617 951 668 1024 illi
688 950 860 1038 Veteres,
882 959 958 1026 alili
982 975 1130 1051 quoque
1162 947 1383 1045 scripsimus.
1420 942 1516 1031 (Vide
1577 966 1581 996 ¹

380 1053 472 1127 adz
504 1049 583 1132 60.)
610 1047 705 1125 unde
729 1045 833 1145 pollrt
864 1050 1047 1146 intelligi,
1090 1070 1155 1123 cur
1178 1070 1262 1123 eam
1297 1062 1405 1118 nunc
1428 1042 1516 1120 aalma

381 1146 534 1226 Patrocli
555 1146 684 1237 exigat.
735 1145 937 1221 Credebant
955 1150 1078 1229 enim,
1117 1140 1396 1241 insepultorum
1415 1140 1514 1215 ruinas

383 1245 531 1322 fiuvium
559 1238 766 1316 infernalem
799 1246 945 1317 transire
974 1266 1048 1316 non
1081 1238 1213 1338 polle,
1243 1239 1280 1313 δι
1308 1237 1404 1311 citra
1434 1236 1512 1327 ripam

384 1362 529 1416 manere
550 1339 662 1431 cogi,
689 1341 750 1413 ubi
778 1332 938 1435 tor‘queri
965 1342 1061 1413 miris
1087 1336 1202 1412 modis
1224 1328 1515 1415 existimabantur,

389 1440 563 1511 nimirum
591 1457 684 1530 vago
704 1457 822 1507 errore
843 1440 1011 1531 agitare,
1040 1450 1080 1510 ut
1107 1433 1152 1507 de
1171 1434 1297 1508 anima
1321 1424 1472 1503 Palinuri
1486 1428 1524 1501 di-

387 1533 1083 1723 {satissatisfinistis,
1109 1521 1529 1701 i‘iaitaltttllll

393 1726 615 1809 lacerarent,
650 1722 850 1820 Hyrcanam
877 1723 1091 1820 sepulturam
1121 1722 1238 1797 ¹sore:
1284 1717 1344 1793 fin
1378 1715 1527 1805 vultures,

393 1822 543 1900 lberam.
559 1860 606 1871 -
630 1820 675 1894 At
696 1874 706 1904 ,
733 1818 759 1892 li
783 1819 921 1896 nullum
939 1822 1068 1895 animal
1086 1818 1301 1901 accederet,
1329 1811 1447 1910 ipsum
1462 1828 1526 1889 tem·

395 1942 466 2014 pus
493 1915 768 2005 pulcherrimam
795 1914 858 1989 sibi
877 1917 955 1993 fore
979 1916 1224 2013 sepulturam,
1251 1932 1420 2005 corpore
1440 1932 1527 2004 apre-

397 2011 589 2088 tioliffimis
619 2014 755 2096 rebus,
783 2010 853 2086 sole
888 2016 1033 2110 inquam
1072 2014 1107 2086 dc
1137 2010 1348 2092 imbribus,
1383 2003 1532 2081 absumta

397 2110 587 2192 Socrates,
612 2124 653 2184 ut
682 2110 730 2183 est
748 2118 782 2180 in
800 2108 969 2211 Pliada-ne,
999 2109 1115 2187 voluit
1141 2107 1280 2205 sepeliti
1307 2159 1320 2191 ,
1351 2117 1394 2179 ut
1419 2101 1534 2200 legibue

399 2202 784 2282 effetcousentaneum.
837 2206 965 2283 SPON
972 2204 1014 2281 D.

448 2302 555 2396 (tia)
582 2304 684 2374 udan
710 2301 806 2370 attiae
831 2308 972 2399 sepiae,
996 2303 1086 2393 (ut)
1111 2312 1231 2400 portas
1254 2297 1355 2378 Orci
1377 2297 1501 2373 innon

902 2472 934 2524 v.
970 2469 1029 2540 72·

451 2544 563 2632 Ψυχαὶ
586 2600 597 2630 ‚
625 2544 738 2614 iiluna
760 2542 933 2631 rorts‘rlutr,
961 2555 1068 2618 animat
1091 2599 1102 2629 ‚
1130 2543 1302 2636 fimulacra
1330 2538 1531 2637 defunfllm.

406 2638 496 2716 Tres
529 2644 565 2722 in
594 2641 743 2716 homine
768 2656 881 2738 partes
916 2644 1109 2717 statuerunt
1130 2640 1323 2739 AEgyptii,
1365 2636 1541 2713 domham-

407 2760 479 2833 que
497 2738 663 2812 trifariam
691 2741 726 2811 in
746 2756 862 2813 morte
888 2739 988 2814 illurn
1012 2736 1183 2833 dispesci,
1207 2745 1254 2812 ita
1278 2752 1321 2811 ut
1344 2756 1431 2832 pars
1448 2732 1544 2805 omui-

407 2856 458 2907 no
481 2834 675 2918 terrestris,
700 2833 772 2909 hoc
794 2836 843 2910 est
857 2859 988 2930 corpus
1009 2833 1187 2920 crassum,
1212 2834 1367 2908 brutum
1390 2830 1546 2923 omnique

408 2933 526 3005 anima
554 2953 706 3006 vacuum
735 2934 772 3005 in
801 2935 900 3007 terris
924 2946 1149 3018 remaneret3
1176 2953 1254 3029 pars
1285 2929 1449 3003 omniuo
1467 2924 1548 3021 spiri-

409 3026 512 3111 talis,
536 3030 702 3102 videlicet
724 3051 825 3102 mens
846 3029 975 3102 rediret
1003 3031 1044 3102 ad
1068 3027 1230 3108 coelum,
1253 3026 1356 3111 unde
1380 3019 1547 3099 sueratdi·

410 3121 537 3214 vulsa3
567 3145 644 3219 pars
667 3147 753 3199 vero
780 3125 927 3210 media,
964 3122 1030 3197 five
1059 3147 1190 3219 corpus
1212 3121 1368 3205 subtile,
1397 3116 1550 3193 dilabere-

413 3234 473 3291 tur
515 3221 559 3295 ad
585 3221 727 3294 inferos.
780 3218 916 3296 Partem
940 3222 1014 3294 dixi
1041 3220 1226 3303 mediam,
1261 3217 1367 3315 quod
1401 3209 1552 3289 nonnihil

413 3314 582 3390 retineret
604 3316 797 3412 corporis,
826 3317 990 3390 nonnihil
1009 3320 1146 3391 mentis.
1198 3314 1379 3411 Corporis
1394 3310 1551 3407 liquidem

415 3412 663 3485 omnimodam
688 3416 844 3487 retinens
870 3411 1167 3497 similitudinem,
1192 3425 1265 3485 erat
1287 3408 1387 3507 quasa
1406 3406 1549 3504 quaedam
1582 3474 1584 3493 ,

414 3504 522 3603 ipsius
540 3515 666 3603 imago,
692 3506 762 3583 live
780 3510 906 3585 idolum.
960 3509 1094 3585 Mentis
1114 3513 1198 3584 item
1218 3508 1333 3603 aliqua
1347 3505 1550 3581 servansim·
1582 3506 1584 3517 '

416 3602 528 3699 pressa
552 3606 695 3701 vestigia
715 3659 725 3689 ,
751 3607 893 3691 vivere,
921 3605 1162 3703 cognoscere,
1186 3602 1388 3702 intelligere
1416 3614 1548 3696 poterat

417 3700 543 3804 ltaque
564 3701 649 3775 hinc
666 3701 848 3797 colligitur
870 3705 1039 3780 evanidos
1065 3699 1132 3776 esse
1163 3700 1320 3785 Manes,
1344 3698 1447 3794 quod
1469 3716 1552 3768 meur

419 3797 492 3886 ipsa
514 3798 686 3882 avolarit,
714 3822 832 3894 neque
854 3800 948 3874 aliud
968 3804 1004 3872 in
1026 3802 1074 3872 eis
1091 3795 1317 3882 remanserit,
1345 3817 1455 3887 quam
1474 3812 1551 3889 qua

421 3894 505 3965 dam
531 3892 548 3980 (
562 3890 585 3966 fi
611 3896 656 3967 ita
688 3894 788 3990 loqui
814 3894 862 3968 fas
885 3894 951 3981 fit)
977 3898 1105 3970 mentis
1131 3896 1173 3968 ad
1196 3895 1319 3968 locum
1358 3890 1460 3965 strum
1486 3909 1554 3984 pro-

424 3988 522 4070 fedlae
550 3991 661 4064 inanis
689 3988 784 4085 quast
811 3989 942 4088 siliqua.
996 3991 1189 4088 Colligitur
1210 3992 1342 4071 etiam,
1372 4009 1505 4081 corpus
1522 3983 1554 4057 il·

426 4083 489 4158 lud
517 4100 654 4164 tenue,
681 4085 749 4161 five
785 4093 908 4183 potius
940 4088 1056 4163 levem
1086 4085 1444 4182 corporisumbram
1470 4080 1558 4177 plena

426 4202 518 4254 voce
541 4205 616 4255 non
642 4186 722 4265 uri,
751 4206 826 4257 non
848 4184 1096 4282 apprehendi,
1125 4206 1201 4257 non
1225 4181 1441 4257 contrectari
1462 4174 1555 4274 polle.

429 4274 484 4351 Ex
515 4281 644 4374 quibus
669 4281 714 4352 ita
742 4278 909 4375 expositis
945 4281 1045 4375 plura
1073 4296 1151 4355 tum
1190 4287 1317 4352 Homeri
1345 4293 1422 4356 tum
1455 4274 1559 4369 Virgilii

430 4370 510 4447 loca
536 4375 652 4452 lucem
672 4378 862 4474 accipiunt.
890 4377 1040 4456 utillud
1069 4378 1216 4471 (AEneid.
1237 4376 1307 4467 Vl.)

797 4516 802 4531 .
1437 4485 1563 4564 —pars
