3709 5459
391 638 462 724 156
602 621 873 706 cnivis
920 619 1075 706 ΗΟΜ
1100 622 1331 716 iiiiicn.
1438 663 1440 667 ·

410 788 680 966 §sgnss‘sgt‘f
700 787 732 865 ln
748 792 769 866 i.
789 790 900 868 fatum
924 789 992 868 esse
1010 792 1046 869 in
1072 789 1173 892 Joris
1199 791 1404 890 potestate,
1432 791 1517 877 &ex

385 911 462 983 erus
481 890 600 964 arbitrr

351 956 355 977 2
650 888 852 984 dependere
876 897 1032 964 Homerus
1047 890 1227 978 olleudit,
1254 889 1346 966 dum
1372 889 1444 983 ejus
1460 914 1520 970 ma.

386 1007 436 1061 nu
457 985 582 1060 libram
604 986 760 1064 sustiueri
789 984 930 1071 tradit,
960 1010 1031 1082 qua
1063 986 1266 1065 alterutrius
1291 987 1521 1066 maximorum

384 1079 565 1168 heroum,
592 1081 753 1160 Hesioris
773 1080 903 1158 scilicet
926 1099 988 1159 aut
1006 1081 1171 1168 Achillia,
1196 1105 1296 1158 mom
1308 1081 1524 1174 decernatur,

385 1198 469 1253 cum
497 1179 580 1253 belli
610 1196 810 1254 extremum
841 1177 1027 1254 discrimen
1060 1176 1225 1277 singulari
1255 1179 1516 1258 certaminede·

379 1290 582 1371 pugnantes
601 1272 710 1352 esseut
732 1272 885 1377 subituri.
925 1271 1105 1389 qupiter,
1132 1277 1284 1373 inquit,
1313 1297 1451 1351 auream
1471 1302 1516 1352 ar-

382 1373 467 1467 ripit
493 1371 647 1456 libram,
683 1369 1017 1466 ejusquelaucrbus
1055 1371 1140 1465 hinc
1180 1388 1291 1467 atque
1330 1370 1429 1447 illinc
1457 1374 1520 1450 duo

381 1468 496 1640 iiim
516 1466 614 1639 fastaf
638 1489 751 1639 undu?
773 1463 965 1635 llllesloris,
989 1465 1529 1642 asterumdrlchillis,lacdeiuge

397 1587 508 1639 iram
551 1586 668 1641 urum
697 1587 715 1638 a
747 1586 772 1637 o
801 1586 863 1637 ens
893 1587 1021 1640 eorum
1079 1587 1127 1639 on
1156 1589 1212 1640 era
1253 1586 1301 1641 ex
1347 1586 1435 1640 ora.
1509 1591 1528 1643 c

324 1670 334 1681 “·
381 1660 496 1736 satum
520 1661 666 1760 quidem
693 1657 854 1737 Hedoris
873 1663 1035 1756 graviore
1052 1587 1123 1735 irbi
1147 1586 1331 1758 impertiri
1346 1680 1528 1741 momento

379 1757 526 1835 alteram
557 1756 695 1833 lancem
715 1753 902 1852 depressit,
930 1779 1009 1854 quae
1029 1758 1071 1833 ad
1089 1756 1230 1836 Orcum
1249 1755 1468 1834 descendere
1483 1763 1526 1836 ri-

379 1853 413 1930 sa
438 1855 496 1929 est.
548 1854 691 1945 Quibus
710 1852 856 1948 porussis
875 1853 1031 1947 Apollo,
1057 1855 1119 1952 qui
1142 1852 1289 1930 elatiori
1313 1854 1458 1941 aderat,
1478 1860 1522 1932 vi·

377 1972 507 2046 resque
523 1948 788 2061 suppeditabat,
815 1947 1058 2064 satoncedens,
1085 1952 1106 2024 i.
1123 1973 1153 2063 ᾳ
1177 1946 1279 2063 Jovis
1297 1949 1451 2027 decreto
1466 1954 1520 2031 ob-

300 2074 302 2081 v
377 2045 528 2220 isilrisiis
545 2043 1057 2218 peciieciisiriiisilinuisiidiotis)el
1075 2044 1523 2224 &iiiiiiinriuiiiiiefbariit

302 2290 312 2317 2
380 2197 583 2335 mortisriue
613 2237 777 2334 potestati
804 2240 987 2335 permittit.
1046 2164 1157 2315 istinc
1187 2238 1313 2315 locum
1346 2196 1525 2353 eleganter¹

375 2335 555 2433 quidem,
596 2333 654 2409 sed
693 2356 785 2429 pene
811 2333 934 2409 iisdem
977 2331 1181 2411 Homericis
1215 2337 1339 2412 verbis.
1368 2336 1517 2434 expressit

380 2433 527 2528 Virgilius
551 2431 714 2600 (sonuit
733 2435 826 2518 xii.)
853 2452 936 2510 uam
956 2451 1040 2508 cum
1065 2433 1258 2511 moriturus
1285 2432 1339 2510 est
1365 2430 1510 2528 Turnus,

369 2542 567 2628 autequam
587 2549 697 2602 morra
715 2547 777 2611 ur,
849 2580 852 2584 -

465 2682 594 2771 Jupiter
611 2671 671 2769 ipse
686 2673 764 2746 iuis
779 2689 896 2766 uquam
906 2672 1045 2769 pondere
1063 2674 1164 2749 lances

480 2777 626 2860 Sustinet,
652 2795 688 2842 ac
707 2771 783 2865 fota
805 2777 935 2862 inponit
955 2771 1076 2862 dinerfir
1093 2773 1247 2858 duorum,

467 2876 568 2966 Quem
586 2867 711 2940 damner
726 2864 834 2949 labor,
860 2862 906 2953 ild
925 2891 987 2961 quo
1002 2887 1113 2964 uergat
1126 2875 1262 2964 pondere
1278 2868 1412 2949 saihstin.

420 3012 593 3094 Ceterum
615 3010 818 3111 preclaram
835 3009 929 3087 hanc
953 3011 1038 3086 libra
1059 3015 1252 3112 imaginem
1275 3041 1297 3094 e
1325 3041 1436 3098 uranu
1452 3017 1515 3100 Dei

375 3110 613 3210 dependentis
639 3107 821 3184 manifeste
852 3107 966 3202 liquet
987 3131 1158 3207 perquam
1183 3109 1284 3189 fuisse
1312 3115 1515 3195 familiarem

375 3206 537 3287 Orientis
556 3203 708 3303 populis.
759 3204 798 3279 lu
825 3199 1073 3292 salinariam,
1108 3204 1391 3306 Babyloniorum
1410 3218 1515 3312 regis,

373 3305 517 3381 historia
543 3302 724 3377 memoriae
749 3299 931 3396 proditum
954 3301 1029 3386 eil,
1053 3302 1226 3379 funestam
1247 3326 1417 3396 manum,
1443 3335 1521 3408 qua,

300 3425 306 3433 ¹
373 3403 413 3477 iu
433 3396 577 3474 adverso
593 3398 726 3492 pariete
747 3395 940 3472 convivalis
963 3397 1052 3473 aulos
1068 3401 1177 3497 nigris
1197 3404 1292 3479 uotis
1310 3404 1516 3486 seutentiam

374 3496 503 3575 mortis
541 3493 702 3569 adversus
737 3515 858 3589 regern
897 3491 1109 3585 descripsi,
1145 3496 1239 3573 inter
1273 3500 1339 3576 alia
1371 3506 1517 3583 verbum

378 3593 488 3667 There!
510 3585 736 3686 expressisse,
760 3587 859 3684 quod
888 3585 1127 3685 fignificabat,
1154 3605 1194 3668 ut
1216 3593 1373 3694 ipsaemet
1392 3598 1516 3678 diviua

371 3687 516 3770 Litteras
533 3683 723 3783 perhibent
746 3685 857 3768 (Dan.
879 3692 912 3760 V.
930 3686 1005 3773 27.)
1029 3689 1188 3782 Aprensis
1213 3717 1244 3763 es
1261 3699 1295 3764 in
1305 3699 1447 3786 statera,
1476 3698 1516 3786 sd

372 3795 520 3862 inventus
545 3809 574 3855 er
589 3793 692 3855 minus
710 3778 829 3853 sabens.
880 3778 950 3856 Sed
967 3782 1042 3858 haec
1059 3785 1179 3879 imago
1191 3785 1308 3865 adhuc
1328 3789 1518 3872 dilucidius

369 3883 412 3960 in
437 3879 559 3975 Bibere
581 3878 675 3954 libro
701 3873 856 3973 expressa
885 3878 944 3951 esi.
984 3885 1054 3969 (Χ.
1071 3881 1155 3966 io.)
1180 3891 1220 3954 Er
1246 3885 1356 3971 duas,
1382 3891 1516 3989 inquit,

365 3981 464 4074 firtes
485 3975 539 4072 effe
555 3979 723 4071 precepit,
748 3993 841 4046 unam
859 3973 970 4070 populi
990 3981 1078 4062 Dei,
1113 3975 1159 4063 ἓξ
1180 3980 1311 4053 alierum
1335 3989 1517 4061 caussarum

367 4082 520 4174 gestium.
573 4068 619 4146 Ea
637 4090 784 4167 quoque
804 4067 881 4144 usus
907 4069 957 4144 est
975 4071 1100 4164 Jobus,
1129 4073 1214 4158 (Vi.
1229 4077 1284 4160 2.)
1323 4085 1454 4155 Urinam
1464 4105 1516 4180 ap-

365 4172 576 4269 penderentur
602 4185 724 4262 peccora
757 4173 851 4249 mei,
874 4165 985 4260 quibus
1016 4175 1097 4242 bam
1121 4171 1222 4243 urer'ur‘
1234 4227 1245 4257 ,
1269 4171 1315 4259 Ep*
1336 4179 1513 4268 calamitas,

366 4293 463 4363 quam
489 4272 619 4358 patior,
655 4271 688 4335 in
713 4265 832 4343 [irrora.
885 4258 929 4337 Et
957 4262 1072 4339 rursus
1095 4263 1241 4348 (XXXI.
1265 4271 1319 4364 6.)
1354 4280 1515 4370 Appeudei

365 4388 417 4438 ure
435 4371 467 4437 in
474 4369 591 4455 statera
619 4362 766 4454 justitia,
793 4355 994 4453 &agnoscet
1013 4361 1225 4458 perfusionem
1249 4391 1360 4448 meam.
1386 4368 1510 4459 Rice

366 4455 452 4561 Dff
469 4466 564 4538 Hom.
592 4464 683 4554 Tum.⁸
702 4462 743 4530 sl.
764 4465 898 4552 p..116.
914 4455 963 4552 [q.
1480 4560 1504 4645 ὅ

735 4611 740 4617 ·
821 4608 824 4613 ·
1374 4584 1410 4649 λ
1433 4587 1507 4650 21.
