3709 5459
483 590 1152 713 'rnnorwnnun
1360 644 1431 716 nn

281 792 451 865 liaerciras
470 792 505 865 in
523 792 596 866 acie
620 787 689 865 fuit
709 789 873 887 amplior.
934 801 965 856 N
993 802 1072 880 308.
1100 811 1167 882 309

285 924 383 941 --
402 908 537 983 praeco,
564 888 625 984 qui
651 888 872 980 imperatoris
895 891 1057 963 mandata
1079 887 1145 961 alta
1166 906 1256 960 voce
1279 881 1438 979 profere-

411 987 490 1069 but,
510 979 750 1058 robustillintis
765 985 999 1080 pulmonibus
1016 985 1128 1082 vulgo
1144 982 1313 1081 pollebat.
1336 989 1443 1073 E784

292 1072 539 1177 Expeditionis
569 1083 732 1174 princes
766 1105 811 1155 ex
850 1083 953 1154 omni
990 1083 1105 1178 praedr
1141 1096 1346 1178 portionem
1379 1076 1443 1153 ali·

418 1200 528 1273 quum
552 1192 650 1249 extra
691 1191 807 1252 ortem
828 1177 1019 1253 auferebar
1071 1195 1189 1267 n703
1545 1264 1548 1269 ¹

292 1272 516 1367 Exploratores
544 1268 821 1368 utrinque'miffi
851 1327 861 1360 ,
888 1278 951 1368 qui
974 1328 984 1359 ,
1011 1296 1091 1373 quae
1109 1280 1153 1352 ab
1182 1268 1342 1350 hostibus
1361 1292 1445 1368 age-

274 1438 277 1453 ,
416 1387 567 1460 rentur,
593 1371 828 1466 perviderent„
879 1385 994 1463 K39l
1451 1408 1453 1415 ¹

866 1564 905 1643 F.

289 1764 413 1833 Fatum
436 1758 471 1835 se
493 1760 657 1839 extendit
680 1763 786 1838 etiarn
809 1761 935 1861 inipso
955 1765 1108 1841 animalia.
1162 1776 1185 1830 Φ
1209 1785 1280 1858 495

284 1894 396 1909 ---
422 1855 491 1933 elle
507 1862 543 1933 in
567 1867 659 1954 ,lovis
683 1859 882 1955 potestate,
910 1859 1019 1937 Hom.
1042 1862 1208 1938 ostendit.
1260 1887 1286 1938 x
1308 1883 1380 1938 210

288 1956 431 2026 Femora
452 1956 578 2050 populi
597 1954 796 2032 Orientaies
812 1965 846 2031 in
865 1959 951 2032 ialin
970 1986 1006 2033 aa
1026 1985 1151 2032 murore
1171 1956 1262 2033 soliti
1285 1957 1364 2036 sunt
1380 1980 1452 2056 pn·-

297 2112 309 2135 s
425 2073 537 2125 curere.
592 2066 626 2118 M
655 2063 724 2127 162
764 2120 768 2125 .
1259 2066 1263 2074 '

291 2140 439 2220 'Ferrum
467 2147 578 2224 iliacis
604 2148 829 2244 temporibus
857 2148 974 2225 adhuc
994 2150 1192 2240 rariffimum.
1245 2161 1369 2248 '1‘835
1503 2146 1505 2155 '

302 2246 423 2317 Ferrea
442 2239 541 2337 Virg.
567 2243 655 2341 laepe
675 2268 749 2317 non
769 2240 884 2320 lulum
909 2269 1028 2330 arma,
1062 2247 1119 2322 led
1141 2248 1177 2321 &
1202 2261 1350 2333 cetera,
1377 2268 1456 2346 quae

429 2341 474 2421 ab
502 2339 609 2415 Hom.
634 2340 802 2415 dicuntur
823 2368 926 2428 area,
952 2341 1150 2438 appellavit„
1203 2363 1227 2412 n
1248 2365 1327 2436 240.
1355 2364 1422 2435 241

301 2434 390 2509 ruta
407 2434 611 2511 habitabant
632 2437 720 2511 oiim
744 2436 878 2513 summa
895 2438 1069 2514 cubicula.
1120 2455 1248 2531 3514.
1305 2451 1333 2506 ss
1363 2452 1432 2531 184
1528 2464 1530 2475 ·

300 2526 402 2607 Filio
429 2548 565 2629 turpe,
593 2531 847 2629 fipntrisboni
867 2534 1011 2629 vestigia
1036 2557 1111 2610 non
1131 2534 1262 2613 infinit.
1313 2557 1337 2604 o
1364 2555 1434 2625 372

306 2634 463 2702 Filiorum
480 2630 537 2704 alii
556 2630 692 2726 legitimi·
706 2626 870 2703 Homero
892 2630 1003 2715 ditii,
1025 2630 1082 2705 alii
1102 2634 1215 2726 spurii.
1266 2649 1298 2699 Λ·
1319 2651 1387 2705 102

312 2726 427 2817 Fistula
445 2726 635 2824 quomodo
660 2748 678 2798 a
705 2728 790 2796 Tibia
810 2725 983 2801 differat?
1035 2738 1059 2795 t<
1088 2748 1128 2814 13

313 2822 502 2916 Flagellum,
527 2822 574 2895 de
597 2820 856 2918 exquilitifflma
877 2823 1030 2920 quadam
1051 2826 1249 2909 calamitate,
1275 2846 1317 2899 ac
1331 2843 1462 2919 patrata

442 2916 522 2994 Deo
546 2915 684 2991 inflilia.
738 2930 764 2981 N
793 2929 863 3001 812
1087 2970 1090 2975 -
1307 2983 1329 2995 ..

312 3012 439 3087 Fluviis
467 3012 556 3089 soliti
579 3014 666 3087 olim
690 3011 769 3089 lunt
790 3032 925 3091 veteres
950 3012 1088 3091 Herois
1110 3014 1290 3107 seabtuere.
1345 3026 1370 3099 φ
1397 3027 1467 3108 560

314 3110 440 3183 Fredera
460 3111 616 3207 pangendi
634 3116 725 3183 ritus.
776 3127 797 3177 r
822 3131 892 3204 292
905 3114 1030 3198 -301

315 3245 412 3257 --
436 3208 531 3279 inter
547 3203 641 3299 ipson
660 3204 778 3301 Reges
795 3208 1108 3284 contrahebantur.
1160 3221 1185 3275 τ
1210 3226 1362 3298 αςο-ι

319 3303 358 3376 iu
379 3298 589 3378 Foederibus
621 3302 873 3397 hoc'prirnnm
908 3306 1150 3390 statuebatur,
1182 3320 1223 3380 ut
1259 3325 1315 3379 res
1345 3302 1470 3381 ablatae
1505 3336 1510 3343 ¹

371 3436 374 3443 ·
443 3398 718 3489 reliituerentur.
768 3411 878 3488 1285
1258 3404 1263 3417 “

322 3498 457 3571 Foemr'na
474 3494 539 3567 alia
565 3494 671 3569 etiarn
688 3504 813 3590 plaeter
831 3498 981 3593 legitimas
1002 3523 1112 3570 uxores
1123 3495 1268 3571 fuerunt
1286 3493 1468 3590 antiquio-

443 3590 542 3665 ribus
556 3588 689 3685 Graecis
707 3593 744 3665 iu
772 3590 843 3666 usu.
898 3610 922 3659 n
951 3612 1006 3680 31.
1034 3612 1071 3679 :1
1103 3613 1170 3679 129

294 3682 568 3763 -Foentinarum
595 3686 700 3779 finam
731 3684 776 3773 ἓξ
809 3714 957 3762 mammas
986 3689 1210 3763 denudantium
1239 3682 1475 3764 consuetudo.

444 3800 470 3850 X
496 3792 659 3873 79-81

319 3879 486 3973 foliorum
526 3880 631 3973 qualis
666 3886 861 3971 generatio,
904 3881 976 3954 talis
1029 3880 1075 3971 Εᾷ
1115 3879 1284 3957 hominurn.
1353 3891 1373 3944 Ζ
1409 3883 1480 3969 146

443 3980 705 4067 o463'-466

329 4066 519 4147 Fortiliirni
538 4072 693 4148 militurn
720 4074 756 4146 in
778 4071 989 4150 Graecornnt
1016 4072 1133 4150 culitis
1163 4074 1200 4147 in
1237 4070 1325 4158 alis,
1353 4067 1481 4167 reliqui

455 4168 490 4239 in
514 4167 634 4243 merito
653 4167 759 4265 politi
778 4187 888 4246 erant.
913 4200 916 4208 ·
942 4182 970 4237 Θ
996 4181 1203 4246 222—·226

331 4296 433 4316 --
456 4262 519 4335 viri
544 4262 655 4339 solent
680 4288 756 4339 non
782 4265 896 4343 solum
922 4268 1076 4351 timere,
1109 4265 1166 4340 sed
1194 4265 1300 4339 etiam
1333 4262 1482 4361 lugere,

457 4358 494 4469 in
520 4356 586 4433 illis
607 4359 824 4457 potiffimunt
849 4365 1068 4455 terroribus,
1099 4364 1162 4461 qui
1192 4360 1361 4438 divinitus
1384 4363 1487 4436 incu-

458 4466 605 4533 tiuntur.
628 4522 633 4527 .
659 4467 686 4524 0
714 4476 802 4554 327,

1322 4550 1490 4627 Fruilrrrr'm
