3709 5459
642 601 720 695 ΙΝ
768 615 802 679 n
853 597 1182 689 triante
1420 624 1481 704 -77

329 773 787 874 -(4.tteg.14.)illumque
820 774 927 851 alium
961 797 1038 851 non
1070 770 1189 852 minus
1213 770 1412 873 elegantem
1439 772 1486 852 de

342 878 515 952 arboribus
536 874 674 969 Regem
695 872 760 948 fibi
779 873 1058 968 postulantibus,
1086 874 1187 964 (jud.
1205 874 1267 964 9.)
1295 875 1414 946 Deinde
1430 871 1482 947 fa·

345 994 391 1047 ua
408 971 522 1066 vulgo
543 985 686 1140 accepta
701 974 939 1065 omniumque
955 969 1116 1045 sermone
1128 967 1319 1052 celebrata,
1349 967 1483 1064 Phryxi

344 1069 479 1143 arietem
494 1065 583 1143 olim
598 1088 616 1142 e
645 1089 665 1141 e
682 1065 865 1150 locutum,
880 1066 1023 1142 ferebat.
1073 1077 1226 1142 Preterea
1238 1063 1384 1140 Achillia
1393 1067 1482 1160 equi

345 1182 466 1260 genere
494 1177 595 1238 eraut
620 1162 868 1259 immortales,
906 1178 946 1239 ut
976 1160 1110 1238 idcirco
1135 1185 1210 1236 non
1237 1158 1311 1236 lene
1340 1161 1479 1236 decoro

346 1273 455 1334 neore
486 1258 793 1358 intelligentiaque
826 1261 993 1356 praeditos
1021 1257 1127 1334 Vates
1155 1255 1274 1356 fingat.
1327 1263 1505 1352 eurema-

345 1354 521 1453 probabile
556 1356 755 1441 ducimus,
798 1379 915 1431 veram
950 1353 1050 1430 alinae
1084 1352 1237 1430 Balaami
1278 1352 1480 1441 historiam,

343 1458 463 1541 (Num.
480 1453 561 1544 22.)
584 1474 662 1548 quae
678 1452 870 1549 aliquando
889 1452 1013 1527 divino
1041 1452 1214 1526 miraculo
1240 1449 1360 1527 locuta
1386 1468 1480 1539 erat,

340 1544 541 1625 Homerum
560 1572 635 1624 non
663 1543 824 1635 latuisse,
857 1549 901 1623 ad
924 1549 1070 1646 ejusque
1092 1546 1355 1624 similitudinem
1380 1548 1482 1624 fabu·
1521 1574 1528 1586 ²

339 1644 401 1720 lam
429 1645 527 1720 hanc
562 1658 810 1721 commentum
835 1644 916 1741 ellep¹
964 1642 1084 1720 Eritne
1111 1647 1219 1741 igitur
1244 1643 1357 1718 sannis
1386 1647 1483 1721 exci-

337 1741 493 1837 pienda,
524 1741 706 1838 &ineptis
725 1735 956 1838 futilibusque
978 1739 1195 1815 anicularum
1208 1740 1343 1828 fabellis
1356 1765 1481 1817 aceen-

335 1837 454 1922 lenda‚
484 1861 530 1914 an
549 1841 730 1936 potiusque
747 1838 907 1935 sapientis
925 1842 1059 1934 ingenii
1081 1839 1202 1914 nobile
1218 1839 1403 1931 inventum
1418 1841 1480 1913 de-

337 1930 526 2011 miranda?
548 1934 617 2009 Sed
637 1928 737 2031 quod
752 1937 794 2010 ad
815 1959 889 2010 rem
907 1936 1060 2010 nostram
1080 1935 1185 2021 facit,
1212 1951 1483 2032 argumentum·

332 2053 433 2128 que,
459 2030 562 2129 quod
581 2033 896 2117 nunctratlumus,
922 2030 1129 2118 confirmat,
1157 2055 1300 2108 mecum
1323 2055 1480 2131 perpen-

348 2131 485 2212 dite,-
506 2151 605 2222 equo
624 2127 674 2201 illi
696 2127 897 2204 facultatem
916 2129 1063 2226 quidem
1082 2128 1254 2226 loquendi
1272 2130 1317 2205 ab
1334 2127 1484 2229 Junone

349 2228 534 2306 tributam,
558 2243 593 2299 at
621 2247 698 2302 non
718 2227 802 2299 item
827 2224 977 2303 morab
996 2248 1035 2300 ea
1061 2241 1218 2325 ereptam
1244 2226 1323 2302 effe.
1373 2227 1482 2318 Quo·

341 2322 446 2395 modo
466 2324 564 2395 enim
585 2316 706 2418 Juno,
733 2344 811 2414 quae
834 2335 960 2418 utpote
990 2319 1067 2400 Dea
1088 2325 1175 2399 atria
1203 2343 1331 2401 rocem
1359 2341 1478 2408 creat,

338 2437 464 2493 voceur
484 2416 704 2493 destrueret?
733 2417 1040 2507 Destruant-lane,
1065 2422 1102 2496 '&
1121 2425 1158 2496 in
1179 2421 1338 2498 faucibus
1356 2422 1480 2517 oppri-

336 2516 433 2595 mant
451 2511 589 2606 Furiam
616 2514 908 2615 quandoquidem
927 2533 1000 2593 tam
1021 2519 1154 2596 funesta
1171 2541 1225 2594 ree
1239 2517 1289 2594 est
1305 2519 1404 2592 vocis
1419 2537 1482 2592 ex·

337 2609 482 2696 lindio,
510 2629 551 2688 ut
570 2609 712 2688 nonnisi
738 2611 857 2692 Furias
878 2616 1002 2692 deceat
1027 2631 1158 2691 tetrum
1185 2615 1415 2693 ministerium
1439 2612 1481 2686 it-

335 2705 396 2783 lud
415 2710 530 2784 obire.
579 2713 708 2785 Accedit
719 2712 761 2788 ad
780 2713 879 2798 haec,
900 2711 1001 2810 quod
1014 2713 1113 2804 juxta
1124 2709 1358 2789 Etbnicorum
1375 2710 1480 2785 theo·

336 2803 468 2903 logiam
492 2807 667 2906 quidquid
687 2808 846 2885 adversus
863 2827 1024 2885 naturam
1039 2799 1168 2898 fieret,
1192 2810 1339 2907 ejusque
1349 2801 1478 2906 ,firma
1504 2897 1514 2910 .

330 2917 384 2981 tar
405 2902 507 3003 leges
540 2904 764 2999 offenderet,
794 2905 882 2981 illud
911 2929 930 2981 e
964 2904 1260 2990 memorabere,
1296 2920 1404 3001 atque
1432 2921 1481 2978 ex

338 2999 525 3086 huminum
546 3002 710 3091 societate
726 3003 925 3086 eliminare,
944 3004 1136 3098 pertineret
1153 3001 1197 3078 ad
1213 3000 1342 3077 Furias.
1366 2997 1478 3091 ⁴Qua·

339 3114 484 3197 propter
503 3103 598 3176 'eum'
611 3099 700 3175 nibil
716 3099 888 3176 sceteitrus
905 3115 1065 3191 eaturaup
1085 3098 1307 3197 pervertat&
1325 3092 1476 3194 pellunt·

340 3196 394 3272 det
413 3251 426 3283 ,
450 3219 560 3294 quam
583 3220 677 3271 mors
696 3200 900 3293 parentibus
917 3219 936 3273 a
955 3193 1216 3279 liberis-illata,
1243 3192 1373 3291 (quod
1392 3193 1476 3268 faci-

342 3315 403 3369 nus
425 3296 589 3370 omnium
607 3294 655 3368 est
682 3290 968 3368 immanilbmum
1001 3313 1042 3366 ac
1064 3292 1323 3389 ,teterrimum3
1356 3292 1478 3364 omnia

341 3393 430 3481 eninr
452 3389 570 3465 divina
585 3407 691 3487 atque
705 3388 858 3464 numana
873 3390 950 3484 jura
970 3374 1202 3484 perfringit-‚l
1226 3385 1477 3484 conequi-pa·

341 3487 479 3570 trarint,
505 3487 724 3562 tradiderunt
738 3483 856 3562 Poeeae
872 3538 890 3571 ,.
910 3481 1058 3560 aFuriis
1079 3482 1222 3582 flagello
1240 3483 1410 3580 taedieque
1424 3484 1478 3555 in·
1512 3536 1533 3599 f,

343 3581 470 3659 [trustis
505 3584 703 3678 exagitari,
736 3606 815 3681 quae
836 3581 1013 3751 nusquam·
1029 3579 1109 3656 illos
1134 3574 1482 3676 connitere-:pitian-

342 3692 413 3767 tur,
440 3701 486 3777 eo
501 3703 631 3774 nempe
646 3678 808 3779 Deorum
818 3682 897 3754 ton
912 3678 976 3753 ilio
991 3727 1002 3762 ,
1029 3680 1195 3774 praeteri
1215 3700 1342 3764 omnes
1364 3698 1383 3750 a
1401 3687 1478 3750 tan-

341 3789 380 3854 to
391 3770 518 3852 scelere
534 3770 785 3853 deterreantur.
837 3775 1078 3872 Quanquam-3
1101 3788 1142 3850 ut
1160 3773 1251 3850 teile
1268 3775 1477 3872 interpreta-

329 3887 394 3979 qtur
410 3882 537 3958 cicera,
564 3877 582 3964 (
600 3883 687 3946 orat.
706 3894 775 3969 ,pro
801 3879 831 3947 8.
855 3871 939 3964 ttpsu
959 3873 1104 3957 amero:
1120 3868 1307 3952 Furiarum
1320 3871 1477 3945 nomine

344 3966 462 4046 fircera
481 3968 735 4064 significatione
753 3968 854 4055 furor
871 3968 934 4068 ille
955 3966 1208 4064 intelligendus
1227 3967 1296 4053 est,
1323 3967 1385 4065 qui
1413 3987 1475 4061 pa-

346 4070 474 4143 tricidae
497 4065 726 4165 consequitur
743 4080 758 4151 ’,
791 4060 1047 4160 ἰυέέίὶίηῠὲᾳυο
1077 4065 1209 4149 vindex
1237 4061 1479 4163 justo-plettit

346 4161 519 4262 supplicio
569 4165 680 4239 Nolite
698 4170 778 4235 enim
792 4181 929 4259 putare,
955 4163 1090 4259 inquit,
1116 4161 1370 4263 quenadmodum
1383 4161 1480 4248 infa-

347 4259 412 4332 lulis
425 4263 630 4353 fiepemrmero
660 4261 799 4344 videtis,
832 4285 909 4343 eor,
943 4266 998 4351 qui
1026 4260 1149 4352 aliquid
1170 4265 1262 4355 impie
1278 4259 1480 4353 scelerateque
1522 4257 1526 4264 ’

347 4358 535 4447 romrrriseriur
554 4409 564 4442 ‚
591 4362 708 4451 agitari
727 4354 957 4451 &perterreri
983 4361 1155 4429 Furiarum
1183 4357 1266 4429 rudit
1284 4353 1475 4431 ardentibus.

337 4453 396 4543 'tu
410 4479 557 4549 quemque
568 4455 665 4546 fraus
684 4450 728 4540 ἓέ
744 4453 820 4545 suut
847 4471 954 4527 terror
968 4461 1102 4529 maxime
1124 4473 1219 4531 verrat
1229 4482 1241 4536 ,·
1259 4452 1354 4545 suum
1375 4473 1481 4546 qnem-

1421 4569 1480 4640 que
