<?xml version="1.0" encoding="UTF-8"?>
<!DOCTYPE html PUBLIC "-//W3C//DTD XHTML 1.0 Transitional//EN"
    "http://www.w3.org/TR/xhtml1/DTD/xhtml1-transitional.dtd">
<html xmlns="http://www.w3.org/1999/xhtml" xml:lang="en" lang="en">
 <head>
  <title>
</title>
<meta http-equiv="Content-Type" content="text/html;charset=utf-8" />
  <meta name='ocr-system' content='tesseract 3.04.00' />
  <meta name='ocr-capabilities' content='ocr_page ocr_carea ocr_par ocr_line ocrx_word'/>
</head>
<body>
  <div class='ocr_page' id='page_1' title='image "./novaclavishoine04schagoog_0189.png"; bbox 0 0 3709 5459; ppageno 0'>
   <div class='ocr_carea' id='block_1_1' title="bbox 655 630 1482 730">
    <p class='ocr_par' dir='ltr' id='par_1_1' title="bbox 655 630 1482 730">
     <span class='ocr_line' id='line_1_1' title="bbox 655 630 1482 730; baseline -0.001 -17"><span class='ocrx_word' id='word_1_1' title='bbox 655 630 729 714; x_wconf 89' lang='lat' dir='ltr'><strong>IN</strong></span> <span class='ocrx_word' id='word_1_2' title='bbox 775 640 819 703; x_wconf 59' lang='lat'><strong>‘1‘-</strong></span> <span class='ocrx_word' id='word_1_3' title='bbox 866 631 1168 715; x_wconf 84' lang='lat' dir='ltr'><strong>lLlAD-IS.</strong></span> <span class='ocrx_word' id='word_1_4' title='bbox 1213 690 1230 721; x_wconf 77' lang='lat'><strong>··,</strong></span> <span class='ocrx_word' id='word_1_5' title='bbox 1293 658 1296 667; x_wconf 92' lang='lat'>·</span> <span class='ocrx_word' id='word_1_6' title='bbox 1412 647 1482 730; x_wconf 78' lang='lat'><strong>185</strong></span> 
     </span>
    </p>
   </div>
   <div class='ocr_carea' id='block_1_2' title="bbox 328 801 1525 4563">
    <p class='ocr_par' dir='ltr' id='par_1_2' title="bbox 430 801 1095 896">
     <span class='ocr_line' id='line_1_2' title="bbox 430 801 1095 896; baseline -0.005 -21"><span class='ocrx_word' id='word_1_7' title='bbox 430 838 481 857; x_wconf 92' lang='lat'><strong>·-</strong></span> <span class='ocrx_word' id='word_1_8' title='bbox 554 839 604 854; x_wconf 91' lang='lat'>-</span> <span class='ocrx_word' id='word_1_9' title='bbox 676 838 724 854; x_wconf 91' lang='lat'><em>-</em></span> <span class='ocrx_word' id='word_1_10' title='bbox 767 820 843 896; x_wconf 79' lang='lat' dir='ltr'><strong>pers</strong></span> <span class='ocrx_word' id='word_1_11' title='bbox 865 801 969 875; x_wconf 80' lang='lat' dir='ltr'><strong>toliere</strong></span> <span class='ocrx_word' id='word_1_12' title='bbox 990 824 1095 874; x_wconf 87' lang='lat' dir='ltr'><strong>vocem</strong></span> 
     </span>
    </p>

    <p class='ocr_par' dir='ltr' id='par_1_3' title="bbox 331 894 1278 1086">
     <span class='ocr_line' id='line_1_3' title="bbox 433 894 1278 994; baseline -0.002 -21"><span class='ocrx_word' id='word_1_13' title='bbox 433 904 588 993; x_wconf 75' lang='lat' dir='ltr'><em>Exiguam</em></span> <span class='ocrx_word' id='word_1_14' title='bbox 603 946 615 983; x_wconf 90' lang='lat'>,</span> <span class='ocrx_word' id='word_1_15' title='bbox 629 902 780 992; x_wconf 81' lang='lat' dir='ltr'><strong>inceptus</strong></span> <span class='ocrx_word' id='word_1_16' title='bbox 804 901 921 972; x_wconf 85' lang='lat' dir='ltr'><strong>clamor</strong></span> <span class='ocrx_word' id='word_1_17' title='bbox 932 899 1113 994; x_wconf 75' lang='lat' dir='ltr'><strong>frustratur</strong></span> <span class='ocrx_word' id='word_1_18' title='bbox 1130 894 1278 973; x_wconf 79' lang='lat' dir='ltr'><strong>hiantes..</strong></span> 
     </span>
     <span class='ocr_line' id='line_1_4' title="bbox 331 991 742 1086; baseline -0.024 -11"><span class='ocrx_word' id='word_1_19' title='bbox 331 991 432 1075; x_wconf 80' lang='lat' dir='ltr'><strong>item</strong></span> <span class='ocrx_word' id='word_1_20' title='bbox 459 993 548 1070; x_wconf 85' lang='lat' dir='ltr'><strong>iliud</strong></span> <span class='ocrx_word' id='word_1_21' title='bbox 574 991 742 1086; x_wconf 80' lang='lat' dir='ltr'><strong>(ibidem.)</strong></span> 
     </span>
    </p>

    <p class='ocr_par' dir='ltr' id='par_1_4' title="bbox 438 1088 1211 1176">
     <span class='ocr_line' id='line_1_5' title="bbox 438 1088 1211 1176; baseline -0.003 -12"><span class='ocrx_word' id='word_1_22' title='bbox 438 1098 501 1165; x_wconf 77' lang='lat' dir='ltr'><strong>aer</strong></span> <span class='ocrx_word' id='word_1_23' title='bbox 522 1110 650 1164; x_wconf 79' lang='lat' dir='ltr'><strong>conatus</strong></span> <span class='ocrx_word' id='word_1_24' title='bbox 670 1090 715 1164; x_wconf 83' lang='lat' dir='ltr'><strong>ibi</strong></span> <span class='ocrx_word' id='word_1_25' title='bbox 739 1089 814 1164; x_wconf 81' lang='lat' dir='ltr'><strong>cotto</strong></span> <span class='ocrx_word' id='word_1_26' title='bbox 836 1088 911 1163; x_wconf 82' lang='lat' dir='ltr'><strong>dere</strong></span> <span class='ocrx_word' id='word_1_27' title='bbox 932 1089 1057 1165; x_wconf 83' lang='lat' dir='ltr'><strong>brachia</strong></span> <span class='ocrx_word' id='word_1_28' title='bbox 1077 1098 1211 1176; x_wconf 84' lang='lat' dir='ltr'><strong>circum,</strong></span> 
     </span>
    </p>

    <p class='ocr_par' dir='ltr' id='par_1_5' title="bbox 438 1185 1327 1283">
     <span class='ocr_line' id='line_1_6' title="bbox 438 1185 1327 1283; baseline -0.004 -24"><span class='ocrx_word' id='word_1_29' title='bbox 438 1194 503 1259; x_wconf 83' lang='lat' dir='ltr'><strong>Ter</strong></span> <span class='ocrx_word' id='word_1_30' title='bbox 517 1188 638 1282; x_wconf 71' lang='lat' dir='ltr'><strong>frustra</strong></span> <span class='ocrx_word' id='word_1_31' title='bbox 665 1185 839 1282; x_wconf 73' lang='lat' dir='ltr'><strong>comprenfir</strong></span> <span class='ocrx_word' id='word_1_32' title='bbox 861 1214 968 1262; x_wconf 83' lang='lat' dir='ltr'><strong>monus</strong></span> <span class='ocrx_word' id='word_1_33' title='bbox 991 1188 1099 1283; x_wconf 76' lang='lat' dir='ltr'><strong>effugit</strong></span> <span class='ocrx_word' id='word_1_34' title='bbox 1118 1194 1218 1283; x_wconf 85' lang='lat' dir='ltr'><strong>imago</strong></span> <span class='ocrx_word' id='word_1_35' title='bbox 1323 1246 1327 1255; x_wconf 85' lang='lat'><em>.</em></span> 
     </span>
    </p>

    <p class='ocr_par' dir='ltr' id='par_1_6' title="bbox 328 1278 1525 4563">
     <span class='ocr_line' id='line_1_7' title="bbox 442 1278 1295 1377; baseline -0.001 -20"><span class='ocrx_word' id='word_1_36' title='bbox 442 1290 512 1357; x_wconf 79' lang='lat' dir='ltr'><strong>Per</strong></span> <span class='ocrx_word' id='word_1_37' title='bbox 533 1282 652 1356; x_wconf 79' lang='lat' dir='ltr'><strong>levibus</strong></span> <span class='ocrx_word' id='word_1_38' title='bbox 669 1291 769 1355; x_wconf 85' lang='lat' dir='ltr'><strong>ventis</strong></span> <span class='ocrx_word' id='word_1_39' title='bbox 784 1278 801 1366; x_wconf 79' lang='grc'><strong>,’</strong></span> <span class='ocrx_word' id='word_1_40' title='bbox 820 1284 999 1377; x_wconf 76' lang='lat' dir='ltr'><strong>volucrique</strong></span> <span class='ocrx_word' id='word_1_41' title='bbox 1010 1284 1164 1374; x_wconf 79' lang='lat' dir='ltr'><strong>fimillima</strong></span> <span class='ocrx_word' id='word_1_42' title='bbox 1179 1284 1295 1374; x_wconf 75' lang='lat' dir='ltr'><strong>somno.</strong></span> 
     </span>
     <span class='ocr_line' id='line_1_8' title="bbox 331 1378 1488 1474; baseline -0.012 -16"><span class='ocrx_word' id='word_1_43' title='bbox 331 1378 385 1458; x_wconf 77' lang='lat' dir='ltr'><strong>Ee</strong></span> <span class='ocrx_word' id='word_1_44' title='bbox 411 1388 569 1455; x_wconf 83' lang='lat' dir='ltr'><em>Homerus</em></span> <span class='ocrx_word' id='word_1_45' title='bbox 589 1378 709 1474; x_wconf 85' lang='lat' dir='ltr'><strong>passim</strong></span> <span class='ocrx_word' id='word_1_46' title='bbox 738 1395 843 1455; x_wconf 83' lang='lat' dir='ltr'><strong>vocat</strong></span> <span class='ocrx_word' id='word_1_47' title='bbox 871 1396 1036 1454; x_wconf 81' lang='lat' dir='ltr'><strong>mortuos</strong></span> <span class='ocrx_word' id='word_1_48' title='bbox 1060 1380 1172 1449; x_wconf 67' lang='lat' dir='ltr'><strong>itione</strong></span> <span class='ocrx_word' id='word_1_49' title='bbox 1200 1380 1382 1466; x_wconf 66' lang='lat' dir='ltr'><strong>zenoniae,</strong></span> <span class='ocrx_word' id='word_1_50' title='bbox 1409 1394 1488 1459; x_wconf 79' lang='lat' dir='ltr'><strong>tum</strong></span> 
     </span>
     <span class='ocr_line' id='line_1_9' title="bbox 334 1476 1487 1571; baseline 0.003 -18"><span class='ocrx_word' id='word_1_51' title='bbox 334 1480 452 1553; x_wconf 83' lang='lat' dir='ltr'><strong>etiam</strong></span> <span class='ocrx_word' id='word_1_52' title='bbox 467 1478 605 1563; x_wconf 70' lang='grc' dir='ltr'><strong>ἆμίνηνσὶ</strong></span> <span class='ocrx_word' id='word_1_53' title='bbox 625 1482 763 1570; x_wconf 67' lang='grc' dir='ltr'><strong>κάρηνα,</strong></span> <span class='ocrx_word' id='word_1_54' title='bbox 786 1476 897 1548; x_wconf 79' lang='lat' dir='ltr'><strong>debilia</strong></span> <span class='ocrx_word' id='word_1_55' title='bbox 918 1485 1043 1571; x_wconf 86' lang='lat' dir='ltr'><strong>capita,</strong></span> <span class='ocrx_word' id='word_1_56' title='bbox 1068 1484 1185 1570; x_wconf 84' lang='lat' dir='ltr'><strong>vixque</strong></span> <span class='ocrx_word' id='word_1_57' title='bbox 1198 1482 1319 1567; x_wconf 78' lang='lat' dir='ltr'><strong>existere</strong></span> <span class='ocrx_word' id='word_1_58' title='bbox 1337 1482 1487 1557; x_wconf 79' lang='lat' dir='ltr'><strong>valentio.</strong></span> 
     </span>
     <span class='ocr_line' id='line_1_10' title="bbox 336 1563 1488 1674; baseline 0 -23"><span class='ocrx_word' id='word_1_59' title='bbox 336 1573 451 1651; x_wconf 86' lang='lat' dir='ltr'><strong>Hanc</strong></span> <span class='ocrx_word' id='word_1_60' title='bbox 472 1573 708 1656; x_wconf 76' lang='lat' dir='ltr'><strong>sententiam,</strong></span> <span class='ocrx_word' id='word_1_61' title='bbox 734 1588 803 1646; x_wconf 87' lang='lat' dir='ltr'><strong>tres</strong></span> <span class='ocrx_word' id='word_1_62' title='bbox 829 1573 866 1645; x_wconf 93' lang='lat' dir='ltr'><strong>in</strong></span> <span class='ocrx_word' id='word_1_63' title='bbox 890 1568 1038 1647; x_wconf 89' lang='lat' dir='ltr'><strong>homine</strong></span> <span class='ocrx_word' id='word_1_64' title='bbox 1062 1590 1177 1670; x_wconf 76' lang='lat' dir='ltr'><strong>partes</strong></span> <span class='ocrx_word' id='word_1_65' title='bbox 1193 1563 1488 1674; x_wconf 70' lang='lat' dir='ltr'><strong>distinguentem,</strong></span> 
     </span>
     <span class='ocr_line' id='line_1_11' title="bbox 337 1666 1487 1762; baseline 0.001 -14"><span class='ocrx_word' id='word_1_66' title='bbox 337 1672 449 1748; x_wconf 84' lang='lat' dir='ltr'><strong>tutati</strong></span> <span class='ocrx_word' id='word_1_67' title='bbox 471 1668 552 1744; x_wconf 87' lang='lat' dir='ltr'><strong>sont</strong></span> <span class='ocrx_word' id='word_1_68' title='bbox 578 1668 753 1745; x_wconf 83' lang='lat' dir='ltr'>Platonici</span> <span class='ocrx_word' id='word_1_69' title='bbox 783 1666 857 1742; x_wconf 85' lang='lat' dir='ltr'><strong>iere</strong></span> <span class='ocrx_word' id='word_1_70' title='bbox 897 1691 1034 1744; x_wconf 85' lang='lat' dir='ltr'><strong>ornnes.</strong></span> <span class='ocrx_word' id='word_1_71' title='bbox 1092 1666 1332 1747; x_wconf 86' lang='lat' dir='ltr'><strong>Tradiderunt</strong></span> <span class='ocrx_word' id='word_1_72' title='bbox 1370 1678 1487 1762; x_wconf 88' lang='lat' dir='ltr'><strong>enim,</strong></span> 
     </span>
     <span class='ocr_line' id='line_1_12' title="bbox 337 1764 1491 1870; baseline -0.004 -29"><span class='ocrx_word' id='word_1_73' title='bbox 337 1765 496 1863; x_wconf 87' lang='lat' dir='ltr'><strong>spiritu,</strong></span> <span class='ocrx_word' id='word_1_74' title='bbox 526 1769 642 1841; x_wconf 90' lang='lat' dir='ltr'><strong>anima</strong></span> <span class='ocrx_word' id='word_1_75' title='bbox 669 1768 705 1840; x_wconf 88' lang='lat'>&amp;</span> <span class='ocrx_word' id='word_1_76' title='bbox 728 1786 911 1860; x_wconf 87' lang='lat' dir='ltr'><strong>corpote,</strong></span> <span class='ocrx_word' id='word_1_77' title='bbox 938 1764 1098 1838; x_wconf 87' lang='lat' dir='ltr'><strong>constare</strong></span> <span class='ocrx_word' id='word_1_78' title='bbox 1122 1764 1333 1862; x_wconf 85' lang='lat' dir='ltr'><strong>hominem3</strong></span> <span class='ocrx_word' id='word_1_79' title='bbox 1360 1795 1491 1870; x_wconf 86' lang='lat' dir='ltr'><strong>corpo.</strong></span> 
     </span>
     <span class='ocr_line' id='line_1_13' title="bbox 336 1858 1492 1958; baseline -0.003 -21"><span class='ocrx_word' id='word_1_80' title='bbox 336 1884 405 1947; x_wconf 87' lang='lat' dir='ltr'><strong>re,</strong></span> <span class='ocrx_word' id='word_1_81' title='bbox 435 1858 541 1937; x_wconf 83' lang='lat' dir='ltr'><strong>craffa</strong></span> <span class='ocrx_word' id='word_1_82' title='bbox 567 1886 697 1958; x_wconf 85' lang='lat' dir='ltr'><strong>nempe</strong></span> <span class='ocrx_word' id='word_1_83' title='bbox 727 1878 824 1958; x_wconf 85' lang='lat' dir='ltr'><strong>parte</strong></span> <span class='ocrx_word' id='word_1_84' title='bbox 852 1885 893 1935; x_wconf 90' lang='lat' dir='ltr'><strong>ac</strong></span> <span class='ocrx_word' id='word_1_85' title='bbox 912 1861 1092 1953; x_wconf 86' lang='lat' dir='ltr'><strong>terrestri3</strong></span> <span class='ocrx_word' id='word_1_86' title='bbox 1127 1865 1271 1947; x_wconf 85' lang='lat' dir='ltr'><strong>anima,</strong></span> <span class='ocrx_word' id='word_1_87' title='bbox 1297 1864 1331 1937; x_wconf 93' lang='lat' dir='ltr'><strong>h.</strong></span> <span class='ocrx_word' id='word_1_88' title='bbox 1352 1892 1380 1940; x_wconf 86' lang='lat' dir='ltr'><strong>e.</strong></span> <span class='ocrx_word' id='word_1_89' title='bbox 1410 1892 1492 1944; x_wconf 87' lang='lat' dir='ltr'><strong>cor.</strong></span> 
     </span>
     <span class='ocr_line' id='line_1_14' title="bbox 339 1957 1493 2056; baseline -0.003 -22"><span class='ocrx_word' id='word_1_90' title='bbox 339 1981 441 2055; x_wconf 81' lang='lat' dir='ltr'><strong>pote</strong></span> <span class='ocrx_word' id='word_1_91' title='bbox 459 1958 607 2043; x_wconf 85' lang='lat' dir='ltr'><strong>subtili,</strong></span> <span class='ocrx_word' id='word_1_92' title='bbox 632 1958 736 2055; x_wconf 86' lang='lat' dir='ltr'><strong>quale</strong></span> <span class='ocrx_word' id='word_1_93' title='bbox 755 1957 867 2031; x_wconf 88' lang='lat' dir='ltr'><strong>modo</strong></span> <span class='ocrx_word' id='word_1_94' title='bbox 883 1957 1136 2054; x_wconf 73' lang='lat' dir='ltr'>exposuimus,</span> <span class='ocrx_word' id='word_1_95' title='bbox 1167 1960 1266 2056; x_wconf 90' lang='lat' dir='ltr'><strong>quod</strong></span> <span class='ocrx_word' id='word_1_96' title='bbox 1287 1962 1374 2036; x_wconf 87' lang='lat' dir='ltr'><strong>nihii</strong></span> <span class='ocrx_word' id='word_1_97' title='bbox 1402 1990 1493 2041; x_wconf 85' lang='lat' dir='ltr'><strong>con.</strong></span> 
     </span>
     <span class='ocr_line' id='line_1_15' title="bbox 343 2052 1490 2159; baseline 0.002 -28"><span class='ocrx_word' id='word_1_98' title='bbox 343 2056 467 2139; x_wconf 78' lang='lat' dir='ltr'><strong>creti,</strong></span> <span class='ocrx_word' id='word_1_99' title='bbox 490 2053 581 2128; x_wconf 91' lang='lat' dir='ltr'><strong>nihil</strong></span> <span class='ocrx_word' id='word_1_100' title='bbox 603 2052 704 2129; x_wconf 85' lang='lat' dir='ltr'><strong>solidi</strong></span> <span class='ocrx_word' id='word_1_101' title='bbox 727 2054 882 2138; x_wconf 89' lang='lat' dir='ltr'><strong>habeat,</strong></span> <span class='ocrx_word' id='word_1_102' title='bbox 907 2054 1022 2127; x_wconf 77' lang='lat' dir='ltr'><strong>nihilo</strong></span> <span class='ocrx_word' id='word_1_103' title='bbox 1041 2070 1160 2128; x_wconf 86' lang='lat' dir='ltr'><strong>tamen</strong></span> <span class='ocrx_word' id='word_1_104' title='bbox 1180 2058 1298 2130; x_wconf 90' lang='lat' dir='ltr'><strong>minus</strong></span> <span class='ocrx_word' id='word_1_105' title='bbox 1327 2067 1490 2159; x_wconf 85' lang='lat' dir='ltr'><strong>corporis</strong></span> 
     </span>
     <span class='ocr_line' id='line_1_16' title="bbox 348 2149 1493 2252; baseline 0.006 -25"><span class='ocrx_word' id='word_1_106' title='bbox 348 2151 503 2247; x_wconf 83' lang='lat' dir='ltr'><strong>speciem</strong></span> <span class='ocrx_word' id='word_1_107' title='bbox 520 2173 593 2245; x_wconf 84' lang='lat' dir='ltr'><strong>ptae</strong></span> <span class='ocrx_word' id='word_1_108' title='bbox 615 2152 649 2226; x_wconf 85' lang='lat' dir='ltr'><strong>ie</strong></span> <span class='ocrx_word' id='word_1_109' title='bbox 678 2150 765 2225; x_wconf 85' lang='lat' dir='ltr'><strong>fetat</strong></span> <span class='ocrx_word' id='word_1_110' title='bbox 785 2170 797 2240; x_wconf 83' lang='lat'><em>3</em></span> <span class='ocrx_word' id='word_1_111' title='bbox 826 2149 980 2247; x_wconf 85' lang='lat' dir='ltr'><strong>spiritu,</strong></span> <span class='ocrx_word' id='word_1_112' title='bbox 1007 2150 1040 2223; x_wconf 89' lang='lat' dir='ltr'><strong>h.</strong></span> <span class='ocrx_word' id='word_1_113' title='bbox 1059 2173 1088 2224; x_wconf 88' lang='lat' dir='ltr'><strong>e.</strong></span> <span class='ocrx_word' id='word_1_114' title='bbox 1112 2166 1256 2238; x_wconf 88' lang='lat' dir='ltr'><strong>mente,</strong></span> <span class='ocrx_word' id='word_1_115' title='bbox 1282 2173 1381 2249; x_wconf 86' lang='lat' dir='ltr'><strong>parte</strong></span> <span class='ocrx_word' id='word_1_116' title='bbox 1406 2182 1493 2252; x_wconf 86' lang='lat' dir='ltr'><strong>pura</strong></span> 
     </span>
     <span class='ocr_line' id='line_1_17' title="bbox 350 2245 1495 2345; baseline 0.004 -20"><span class='ocrx_word' id='word_1_117' title='bbox 350 2248 609 2345; x_wconf 71' lang='lat' dir='ltr'><strong>fimpiidque,</strong></span> <span class='ocrx_word' id='word_1_118' title='bbox 642 2249 678 2321; x_wconf 73' lang='grc' dir='ltr'><strong>δι</strong></span> <span class='ocrx_word' id='word_1_119' title='bbox 709 2250 866 2322; x_wconf 76' lang='lat' dir='ltr'><strong>materiei</strong></span> <span class='ocrx_word' id='word_1_120' title='bbox 900 2245 1040 2343; x_wconf 82' lang='lat' dir='ltr'><strong>prorsus</strong></span> <span class='ocrx_word' id='word_1_121' title='bbox 1069 2265 1225 2340; x_wconf 84' lang='lat' dir='ltr'>experte.</span> <span class='ocrx_word' id='word_1_122' title='bbox 1277 2249 1495 2341; x_wconf 88' lang='lat' dir='ltr'><strong>Quinimmo</strong></span> 
     </span>
     <span class='ocr_line' id='line_1_18' title="bbox 349 2340 1493 2441; baseline 0.005 -20"><span class='ocrx_word' id='word_1_123' title='bbox 349 2346 389 2421; x_wconf 67' lang='grc' dir='ltr'><strong>ἃ</strong></span> <span class='ocrx_word' id='word_1_124' title='bbox 402 2346 610 2440; x_wconf 84' lang='lat' dir='ltr'>complures</span> <span class='ocrx_word' id='word_1_125' title='bbox 628 2343 909 2421; x_wconf 85' lang='lat' dir='ltr'><strong>Christianorum</strong></span> <span class='ocrx_word' id='word_1_126' title='bbox 926 2340 1088 2429; x_wconf 81' lang='lat' dir='ltr'><strong>Petrum,</strong></span> <span class='ocrx_word' id='word_1_127' title='bbox 1115 2345 1244 2441; x_wconf 83' lang='lat' dir='ltr'><strong>quibus</strong></span> <span class='ocrx_word' id='word_1_128' title='bbox 1256 2347 1364 2422; x_wconf 80' lang='lat' dir='ltr'><strong>arrifit</strong></span> <span class='ocrx_word' id='word_1_129' title='bbox 1380 2348 1493 2437; x_wconf 85' lang='lat' dir='ltr'><strong>P-iato,</strong></span> 
     </span>
     <span class='ocr_line' id='line_1_19' title="bbox 348 2438 1494 2538; baseline 0.006 -22"><span class='ocrx_word' id='word_1_130' title='bbox 348 2442 387 2516; x_wconf 93' lang='lat' dir='ltr'><strong>in</strong></span> <span class='ocrx_word' id='word_1_131' title='bbox 418 2440 548 2515; x_wconf 88' lang='lat' dir='ltr'><strong>eadem</strong></span> <span class='ocrx_word' id='word_1_132' title='bbox 580 2439 740 2516; x_wconf 86' lang='lat' dir='ltr'><strong>feruntur</strong></span> <span class='ocrx_word' id='word_1_133' title='bbox 769 2438 867 2514; x_wconf 81' lang='lat' dir='ltr'><strong>fuiffe</strong></span> <span class='ocrx_word' id='word_1_134' title='bbox 891 2438 1088 2525; x_wconf 84' lang='lat' dir='ltr'><strong>sententia,</strong></span> <span class='ocrx_word' id='word_1_135' title='bbox 1120 2441 1294 2538; x_wconf 88' lang='lat' dir='ltr'><strong>locusque</strong></span> <span class='ocrx_word' id='word_1_136' title='bbox 1320 2467 1365 2517; x_wconf 84' lang='lat' dir='ltr'><strong>ex</strong></span> <span class='ocrx_word' id='word_1_137' title='bbox 1384 2445 1494 2523; x_wconf 82' lang='lat' dir='ltr'><strong>Paulo</strong></span> 
     </span>
     <span class='ocr_line' id='line_1_20' title="bbox 353 2534 1496 2634; baseline 0.003 -21"><span class='ocrx_word' id='word_1_138' title='bbox 353 2536 573 2624; x_wconf 85' lang='lat' dir='ltr'><strong>adducitur,</strong></span> <span class='ocrx_word' id='word_1_139' title='bbox 613 2539 674 2633; x_wconf 89' lang='lat' dir='ltr'><strong>qui</strong></span> <span class='ocrx_word' id='word_1_140' title='bbox 704 2539 740 2611; x_wconf 87' lang='lat'>&amp;</span> <span class='ocrx_word' id='word_1_141' title='bbox 769 2537 838 2629; x_wconf 82' lang='lat' dir='ltr'><strong>ipse</strong></span> <span class='ocrx_word' id='word_1_142' title='bbox 863 2534 989 2610; x_wconf 86' lang='lat' dir='ltr'><strong>sentire</strong></span> <span class='ocrx_word' id='word_1_143' title='bbox 1015 2535 1109 2608; x_wconf 89' lang='lat' dir='ltr'><strong>idem</strong></span> <span class='ocrx_word' id='word_1_144' title='bbox 1135 2535 1224 2611; x_wconf 84' lang='lat' dir='ltr'><strong>viius</strong></span> <span class='ocrx_word' id='word_1_145' title='bbox 1248 2540 1297 2612; x_wconf 90' lang='lat' dir='ltr'><strong>est</strong></span> <span class='ocrx_word' id='word_1_146' title='bbox 1316 2551 1425 2634; x_wconf 86' lang='lat' dir='ltr'><strong>priore</strong></span> <span class='ocrx_word' id='word_1_147' title='bbox 1451 2544 1496 2617; x_wconf 80' lang='lat' dir='ltr'><strong>ad</strong></span> 
     </span>
     <span class='ocr_line' id='line_1_21' title="bbox 357 2630 1497 2731; baseline 0.005 -24"><span class='ocrx_word' id='word_1_148' title='bbox 357 2630 556 2731; x_wconf 72' lang='lat' dir='ltr'><strong>Tbeffidonic.</strong></span> <span class='ocrx_word' id='word_1_149' title='bbox 588 2635 738 2729; x_wconf 60' lang='lat' dir='ltr'><strong>epistolm</strong></span> <span class='ocrx_word' id='word_1_150' title='bbox 771 2634 788 2710; x_wconf 88' lang='lat'><em>(</em></span> <span class='ocrx_word' id='word_1_151' title='bbox 797 2640 868 2727; x_wconf 81' lang='lat' dir='ltr'><strong>cap.</strong></span> <span class='ocrx_word' id='word_1_152' title='bbox 898 2640 930 2709; x_wconf 87' lang='lat' dir='ltr'><strong>V.</strong></span> <span class='ocrx_word' id='word_1_153' title='bbox 952 2661 984 2705; x_wconf 85' lang='lat' dir='ltr'><strong>v.</strong></span> <span class='ocrx_word' id='word_1_154' title='bbox 1006 2639 1083 2723; x_wconf 84' lang='lat'>23.)</span> <span class='ocrx_word' id='word_1_155' title='bbox 1111 2634 1172 2706; x_wconf 88' lang='lat' dir='ltr'><strong>ubi</strong></span> <span class='ocrx_word' id='word_1_156' title='bbox 1200 2636 1276 2709; x_wconf 90' lang='lat' dir='ltr'><strong>ait:</strong></span> <span class='ocrx_word' id='word_1_157' title='bbox 1313 2638 1374 2730; x_wconf 72' lang='lat' dir='ltr'><strong>Ipse</strong></span> <span class='ocrx_word' id='word_1_158' title='bbox 1392 2659 1497 2713; x_wconf 76' lang='lat' dir='ltr'><strong>etitem</strong></span> 
     </span>
     <span class='ocr_line' id='line_1_22' title="bbox 357 2731 1497 2831; baseline 0.004 -24"><span class='ocrx_word' id='word_1_159' title='bbox 357 2738 446 2807; x_wconf 75' lang='lat' dir='ltr'><strong>Deos</strong></span> <span class='ocrx_word' id='word_1_160' title='bbox 468 2738 552 2827; x_wconf 72' lang='lat' dir='ltr'><strong>poris</strong></span> <span class='ocrx_word' id='word_1_161' title='bbox 562 2731 728 2820; x_wconf 72' lang='lat' dir='ltr'><strong>fientiificet</strong></span> <span class='ocrx_word' id='word_1_162' title='bbox 745 2756 799 2801; x_wconf 85' lang='lat' dir='ltr'><strong>vos</strong></span> <span class='ocrx_word' id='word_1_163' title='bbox 813 2752 870 2822; x_wconf 78' lang='lat' dir='ltr'><strong>per</strong></span> <span class='ocrx_word' id='word_1_164' title='bbox 888 2737 991 2800; x_wconf 86' lang='lat' dir='ltr'><strong>omnia</strong></span> <span class='ocrx_word' id='word_1_165' title='bbox 1009 2782 1020 2811; x_wconf 91' lang='lat'>,</span> <span class='ocrx_word' id='word_1_166' title='bbox 1044 2748 1082 2801; x_wconf 81' lang='lat' dir='ltr'><strong>ut</strong></span> <span class='ocrx_word' id='word_1_167' title='bbox 1100 2736 1218 2825; x_wconf 80' lang='lat' dir='ltr'><strong>integer</strong></span> <span class='ocrx_word' id='word_1_168' title='bbox 1230 2732 1362 2823; x_wconf 83' lang='lat' dir='ltr'><strong>spiritus</strong></span> <span class='ocrx_word' id='word_1_169' title='bbox 1387 2744 1497 2831; x_wconf 80' lang='lat' dir='ltr'><strong>vester,</strong></span> 
     </span>
     <span class='ocr_line' id='line_1_23' title="bbox 356 2824 1498 2925; baseline 0.008 -29"><span class='ocrx_word' id='word_1_170' title='bbox 356 2824 406 2913; x_wconf 57' lang='grc' dir='ltr'><strong>ἒς</strong></span> <span class='ocrx_word' id='word_1_171' title='bbox 425 2834 530 2899; x_wconf 77' lang='lat' dir='ltr'><strong>animo</strong></span> <span class='ocrx_word' id='word_1_172' title='bbox 549 2825 594 2913; x_wconf 55' lang='grc' dir='ltr'><strong>ἓξ</strong></span> <span class='ocrx_word' id='word_1_173' title='bbox 616 2847 724 2919; x_wconf 80' lang='lat' dir='ltr'><strong>corpus</strong></span> <span class='ocrx_word' id='word_1_174' title='bbox 738 2824 804 2914; x_wconf 84' lang='lat' dir='ltr'><strong>fine</strong></span> <span class='ocrx_word' id='word_1_175' title='bbox 820 2828 942 2919; x_wconf 62' lang='lat' dir='ltr'><strong>noemia</strong></span> <span class='ocrx_word' id='word_1_176' title='bbox 964 2833 998 2897; x_wconf 89' lang='lat' dir='ltr'><strong>in</strong></span> <span class='ocrx_word' id='word_1_177' title='bbox 1013 2826 1151 2897; x_wconf 82' lang='lat' dir='ltr'><strong>adventu</strong></span> <span class='ocrx_word' id='word_1_178' title='bbox 1170 2835 1299 2899; x_wconf 79' lang='lat' dir='ltr'><strong>Domini</strong></span> <span class='ocrx_word' id='word_1_179' title='bbox 1317 2836 1409 2924; x_wconf 72' lang='lat' dir='ltr'><strong>nostri</strong></span> <span class='ocrx_word' id='word_1_180' title='bbox 1424 2836 1498 2925; x_wconf 81' lang='lat' dir='ltr'><strong>Jesu</strong></span> 
     </span>
     <span class='ocr_line' id='line_1_24' title="bbox 357 2920 1502 3015; baseline 0.008 -18"><span class='ocrx_word' id='word_1_181' title='bbox 357 2922 430 2997; x_wconf 80' lang='lat' dir='ltr'><strong>ote.</strong></span> <span class='ocrx_word' id='word_1_182' title='bbox 451 2923 610 3013; x_wconf 72' lang='lat' dir='ltr'><strong>fovetur.</strong></span> <span class='ocrx_word' id='word_1_183' title='bbox 635 2922 671 2990; x_wconf 79' lang='lat' dir='ltr'><strong>ri</strong></span> <span class='ocrx_word' id='word_1_184' title='bbox 690 2926 839 3007; x_wconf 61' lang='lat' dir='ltr'><strong>eratne,</strong></span> <span class='ocrx_word' id='word_1_185' title='bbox 865 2923 916 3005; x_wconf 73' lang='lat' dir='ltr'><strong>tei</strong></span> <span class='ocrx_word' id='word_1_186' title='bbox 943 2926 962 2994; x_wconf 83' lang='lat' dir='ltr'><strong>n‘</strong></span> <span class='ocrx_word' id='word_1_187' title='bbox 984 2921 1076 3008; x_wconf 67' lang='lat' dir='ltr'><strong>even*</strong></span> <span class='ocrx_word' id='word_1_188' title='bbox 1089 2968 1098 2996; x_wconf 74' lang='lat'><em>2</em></span> <span class='ocrx_word' id='word_1_189' title='bbox 1123 2920 1174 3003; x_wconf 76' lang='lat' dir='ltr'><strong>aei</strong></span> <span class='ocrx_word' id='word_1_190' title='bbox 1198 2922 1233 2989; x_wconf 76' lang='grc' dir='ltr'><strong>τδ</strong></span> <span class='ocrx_word' id='word_1_191' title='bbox 1256 2931 1357 3015; x_wconf 60' lang='grc' dir='ltr'><em>σῶμα»</em></span> <span class='ocrx_word' id='word_1_192' title='bbox 1407 2927 1502 3006; x_wconf 86' lang='lat' dir='ltr'><strong>Poto</strong></span> 
     </span>
     <span class='ocr_line' id='line_1_25' title="bbox 352 3015 1502 3112; baseline -0.001 -17"><span class='ocrx_word' id='word_1_193' title='bbox 352 3034 505 3104; x_wconf 89' lang='lat' dir='ltr'><strong>tamen,</strong></span> <span class='ocrx_word' id='word_1_194' title='bbox 531 3042 598 3112; x_wconf 82' lang='lat' dir='ltr'><strong>pto</strong></span> <span class='ocrx_word' id='word_1_195' title='bbox 617 3040 686 3094; x_wconf 86' lang='lat' dir='ltr'><strong>una</strong></span> <span class='ocrx_word' id='word_1_196' title='bbox 711 3018 906 3109; x_wconf 86' lang='lat' dir='ltr'><strong>eademque</strong></span> <span class='ocrx_word' id='word_1_197' title='bbox 932 3041 969 3090; x_wconf 85' lang='lat' dir='ltr'><strong>re</strong></span> <span class='ocrx_word' id='word_1_198' title='bbox 990 3015 1139 3094; x_wconf 75' lang='lat' dir='ltr'><strong>sumone</strong></span> <span class='ocrx_word' id='word_1_199' title='bbox 1158 3017 1304 3095; x_wconf 83' lang='lat' dir='ltr'><strong>Paulum</strong></span> <span class='ocrx_word' id='word_1_200' title='bbox 1327 3024 1361 3089; x_wconf 74' lang='lat' dir='ltr'><strong>et</strong></span> <span class='ocrx_word' id='word_1_201' title='bbox 1377 3032 1502 3112; x_wconf 64' lang='grc' dir='ltr'><strong><em>πνεῦμα</em></strong></span> 
     </span>
     <span class='ocr_line' id='line_1_26' title="bbox 355 3112 1508 3219; baseline 0.006 -37"><span class='ocrx_word' id='word_1_202' title='bbox 355 3114 412 3199; x_wconf 65' lang='grc' dir='ltr'><strong>ῃ]</strong></span> <span class='ocrx_word' id='word_1_203' title='bbox 439 3114 495 3191; x_wconf 74' lang='lat' dir='ltr'><strong>reio</strong></span> <span class='ocrx_word' id='word_1_204' title='bbox 521 3113 648 3203; x_wconf 62' lang='lat' dir='ltr'><strong>taxii,</strong></span> <span class='ocrx_word' id='word_1_205' title='bbox 663 3116 813 3211; x_wconf 81' lang='lat' dir='ltr'><strong>spiritum</strong></span> <span class='ocrx_word' id='word_1_206' title='bbox 837 3112 881 3200; x_wconf 60' lang='lat' dir='ltr'><strong>&amp;i</strong></span> <span class='ocrx_word' id='word_1_207' title='bbox 895 3122 1057 3185; x_wconf 84' lang='lat' dir='ltr'><strong>enimam:</strong></span> <span class='ocrx_word' id='word_1_208' title='bbox 1084 3119 1128 3189; x_wconf 84' lang='lat' dir='ltr'><strong>ita</strong></span> <span class='ocrx_word' id='word_1_209' title='bbox 1148 3133 1187 3191; x_wconf 91' lang='lat' dir='ltr'><strong>ut</strong></span> <span class='ocrx_word' id='word_1_210' title='bbox 1203 3117 1393 3194; x_wconf 67' lang='lat' dir='ltr'><strong>sanetiffimi</strong></span> <span class='ocrx_word' id='word_1_211' title='bbox 1409 3123 1508 3219; x_wconf 74' lang='lat' dir='ltr'><strong>Apo.</strong></span> 
     </span>
     <span class='ocr_line' id='line_1_27' title="bbox 357 3210 1504 3305; baseline -0.003 -18"><span class='ocrx_word' id='word_1_212' title='bbox 357 3212 441 3287; x_wconf 84' lang='lat' dir='ltr'><strong>stoii</strong></span> <span class='ocrx_word' id='word_1_213' title='bbox 471 3211 678 3287; x_wconf 74' lang='lat' dir='ltr'><strong>audoritate</strong></span> <span class='ocrx_word' id='word_1_214' title='bbox 700 3214 798 3286; x_wconf 87' lang='lat' dir='ltr'><strong>abuti</strong></span> <span class='ocrx_word' id='word_1_215' title='bbox 823 3210 1037 3296; x_wconf 89' lang='lat' dir='ltr'><strong>videantur,</strong></span> <span class='ocrx_word' id='word_1_216' title='bbox 1065 3216 1127 3305; x_wconf 89' lang='lat' dir='ltr'><strong>qui</strong></span> <span class='ocrx_word' id='word_1_217' title='bbox 1150 3235 1194 3286; x_wconf 86' lang='lat' dir='ltr'><strong>ex</strong></span> <span class='ocrx_word' id='word_1_218' title='bbox 1221 3216 1295 3305; x_wconf 89' lang='lat' dir='ltr'><strong>ejus</strong></span> <span class='ocrx_word' id='word_1_219' title='bbox 1315 3219 1430 3294; x_wconf 88' lang='lat' dir='ltr'><strong>verbis</strong></span> <span class='ocrx_word' id='word_1_220' title='bbox 1451 3243 1504 3294; x_wconf 88' lang='lat' dir='ltr'><strong>at.</strong></span> 
     </span>
     <span class='ocr_line' id='line_1_28' title="bbox 362 3305 1507 3405; baseline -0.002 -22"><span class='ocrx_word' id='word_1_221' title='bbox 362 3324 580 3405; x_wconf 82' lang='lat' dir='ltr'><strong>gementum</strong></span> <span class='ocrx_word' id='word_1_222' title='bbox 603 3309 804 3403; x_wconf 83' lang='lat' dir='ltr'><strong>exprimere</strong></span> <span class='ocrx_word' id='word_1_223' title='bbox 823 3305 953 3382; x_wconf 85' lang='lat' dir='ltr'><strong>volunt</strong></span> <span class='ocrx_word' id='word_1_224' title='bbox 982 3306 1024 3380; x_wconf 86' lang='lat' dir='ltr'><strong>ad</strong></span> <span class='ocrx_word' id='word_1_225' title='bbox 1062 3310 1169 3382; x_wconf 87' lang='lat' dir='ltr'><strong>trium</strong></span> <span class='ocrx_word' id='word_1_226' title='bbox 1199 3310 1336 3388; x_wconf 86' lang='lat' dir='ltr'><strong>iliarum</strong></span> <span class='ocrx_word' id='word_1_227' title='bbox 1369 3319 1404 3387; x_wconf 91' lang='lat' dir='ltr'><strong>in</strong></span> <span class='ocrx_word' id='word_1_228' title='bbox 1440 3315 1507 3391; x_wconf 88' lang='lat' dir='ltr'><strong>ho.</strong></span> 
     </span>
     <span class='ocr_line' id='line_1_29' title="bbox 360 3400 1506 3509; baseline 0.007 -30"><span class='ocrx_word' id='word_1_229' title='bbox 360 3408 461 3479; x_wconf 86' lang='lat' dir='ltr'><strong>mine</strong></span> <span class='ocrx_word' id='word_1_230' title='bbox 483 3406 636 3501; x_wconf 86' lang='lat' dir='ltr'><strong>partium</strong></span> <span class='ocrx_word' id='word_1_231' title='bbox 660 3400 868 3477; x_wconf 83' lang='lat' dir='ltr'><strong>divifionem</strong></span> <span class='ocrx_word' id='word_1_232' title='bbox 895 3404 1201 3498; x_wconf 87' lang='lat' dir='ltr'><strong>comprobandam</strong></span> <span class='ocrx_word' id='word_1_233' title='bbox 1226 3410 1269 3482; x_wconf 86' lang='lat' dir='ltr'><strong>ab</strong></span> <span class='ocrx_word' id='word_1_234' title='bbox 1305 3407 1506 3509; x_wconf 83' lang='lat' dir='ltr'><strong>AEgyptiis,</strong></span> 
     </span>
     <span class='ocr_line' id='line_1_30' title="bbox 361 3494 1507 3600; baseline 0.007 -23"><span class='ocrx_word' id='word_1_235' title='bbox 361 3494 533 3577; x_wconf 84' lang='lat' dir='ltr'><strong>Homero</strong></span> <span class='ocrx_word' id='word_1_236' title='bbox 550 3523 591 3574; x_wconf 93' lang='lat' dir='ltr'><strong>ac</strong></span> <span class='ocrx_word' id='word_1_237' title='bbox 609 3498 798 3577; x_wconf 85' lang='lat' dir='ltr'><strong>Platonicis</strong></span> <span class='ocrx_word' id='word_1_238' title='bbox 822 3500 995 3573; x_wconf 85' lang='lat' dir='ltr'><strong>traditam.</strong></span> <span class='ocrx_word' id='word_1_239' title='bbox 1048 3500 1101 3575; x_wconf 85' lang='lat' dir='ltr'><strong>Ad</strong></span> <span class='ocrx_word' id='word_1_240' title='bbox 1123 3501 1277 3577; x_wconf 90' lang='lat' dir='ltr'><strong>eundem</strong></span> <span class='ocrx_word' id='word_1_241' title='bbox 1302 3509 1406 3600; x_wconf 84' lang='lat' dir='ltr'><strong>piane</strong></span> <span class='ocrx_word' id='word_1_242' title='bbox 1427 3533 1507 3585; x_wconf 92' lang='lat' dir='ltr'><strong>mo-</strong></span> 
     </span>
     <span class='ocr_line' id='line_1_31' title="bbox 359 3594 1508 3692; baseline 0.008 -21"><span class='ocrx_word' id='word_1_243' title='bbox 359 3594 454 3671; x_wconf 85' lang='lat' dir='ltr'><strong>dum</strong></span> <span class='ocrx_word' id='word_1_244' title='bbox 488 3598 596 3671; x_wconf 79' lang='lat' dir='ltr'><strong>verba</strong></span> <span class='ocrx_word' id='word_1_245' title='bbox 628 3594 770 3673; x_wconf 80' lang='lat' dir='ltr'><strong>Patrem</strong></span> <span class='ocrx_word' id='word_1_246' title='bbox 802 3596 1064 3692; x_wconf 82' lang='lat' dir='ltr'><strong>interpretanda</strong></span> <span class='ocrx_word' id='word_1_247' title='bbox 1095 3596 1162 3671; x_wconf 82' lang='lat' dir='ltr'><strong>eise</strong></span> <span class='ocrx_word' id='word_1_248' title='bbox 1191 3603 1411 3690; x_wconf 89' lang='lat' dir='ltr'><strong>contendo,</strong></span> <span class='ocrx_word' id='word_1_249' title='bbox 1446 3607 1508 3680; x_wconf 90' lang='lat' dir='ltr'><strong>ubi</strong></span> 
     </span>
     <span class='ocr_line' id='line_1_32' title="bbox 362 3690 1512 3788; baseline 0.006 -19"><span class='ocrx_word' id='word_1_250' title='bbox 362 3714 452 3769; x_wconf 87' lang='lat' dir='ltr'><strong>cum</strong></span> <span class='ocrx_word' id='word_1_251' title='bbox 488 3690 638 3769; x_wconf 81' lang='lat' dir='ltr'><strong>Platone</strong></span> <span class='ocrx_word' id='word_1_252' title='bbox 663 3693 709 3767; x_wconf 89' lang='lat' dir='ltr'><strong>de</strong></span> <span class='ocrx_word' id='word_1_253' title='bbox 745 3693 869 3768; x_wconf 85' lang='lat' dir='ltr'><strong>animae</strong></span> <span class='ocrx_word' id='word_1_254' title='bbox 894 3715 937 3768; x_wconf 85' lang='lat' dir='ltr'><strong>ac</strong></span> <span class='ocrx_word' id='word_1_255' title='bbox 966 3691 1105 3788; x_wconf 84' lang='lat' dir='ltr'><strong>spiritus</strong></span> <span class='ocrx_word' id='word_1_256' title='bbox 1132 3694 1352 3772; x_wconf 75' lang='lat' dir='ltr'><strong>distinetione</strong></span> <span class='ocrx_word' id='word_1_257' title='bbox 1378 3698 1512 3776; x_wconf 73' lang='lat' dir='ltr'><strong>senone</strong></span> 
     </span>
     <span class='ocr_line' id='line_1_33' title="bbox 328 3788 1512 3896; baseline 0.008 -33"><span class='ocrx_word' id='word_1_258' title='bbox 328 3872 340 3881; x_wconf 58' lang='grc'><strong>,</strong></span> <span class='ocrx_word' id='word_1_259' title='bbox 414 3788 611 3865; x_wconf 86' lang='lat' dir='ltr'><strong>thibentur.</strong></span> <span class='ocrx_word' id='word_1_260' title='bbox 662 3788 773 3863; x_wconf 84' lang='lat' dir='ltr'><strong>lnstar</strong></span> <span class='ocrx_word' id='word_1_261' title='bbox 808 3790 973 3864; x_wconf 89' lang='lat' dir='ltr'><strong>omnium</strong></span> <span class='ocrx_word' id='word_1_262' title='bbox 1002 3810 1095 3864; x_wconf 86' lang='lat' dir='ltr'><strong>unus</strong></span> <span class='ocrx_word' id='word_1_263' title='bbox 1123 3788 1165 3866; x_wconf 85' lang='lat' dir='ltr'><strong>fit</strong></span> <span class='ocrx_word' id='word_1_264' title='bbox 1195 3792 1415 3885; x_wconf 77' lang='lat' dir='ltr'><strong>Atiranafius,</strong></span> <span class='ocrx_word' id='word_1_265' title='bbox 1448 3800 1512 3896; x_wconf 89' lang='lat' dir='ltr'><strong>qui</strong></span> 
     </span>
     <span class='ocr_line' id='line_1_34' title="bbox 394 3881 1516 3978; baseline -0.003 -17"><span class='ocrx_word' id='word_1_266' title='bbox 394 3908 447 3963; x_wconf 83' lang='lat' dir='ltr'><strong>aec</strong></span> <span class='ocrx_word' id='word_1_267' title='bbox 467 3884 574 3962; x_wconf 87' lang='lat' dir='ltr'><strong>habet</strong></span> <span class='ocrx_word' id='word_1_268' title='bbox 599 3887 636 3960; x_wconf 89' lang='lat' dir='ltr'><strong>in</strong></span> <span class='ocrx_word' id='word_1_269' title='bbox 657 3881 834 3961; x_wconf 83' lang='lat' dir='ltr'><strong>Oratione</strong></span> <span class='ocrx_word' id='word_1_270' title='bbox 863 3899 987 3960; x_wconf 86' lang='lat' dir='ltr'><strong>contro</strong></span> <span class='ocrx_word' id='word_1_271' title='bbox 1007 3883 1140 3961; x_wconf 78' lang='lat' dir='ltr'><strong>Gentes</strong></span> <span class='ocrx_word' id='word_1_272' title='bbox 1160 3911 1170 3962; x_wconf 91' lang='lat'>:</span> <span class='ocrx_word' id='word_1_273' title='bbox 1198 3891 1365 3964; x_wconf 83' lang='lat' dir='ltr'><strong>oculorum</strong></span> <span class='ocrx_word' id='word_1_274' title='bbox 1385 3902 1422 3978; x_wconf 77' lang='lat' dir='ltr'><strong>est</strong></span> <span class='ocrx_word' id='word_1_275' title='bbox 1441 3916 1516 3966; x_wconf 79' lang='lat' dir='ltr'><strong>ean..</strong></span> 
     </span>
     <span class='ocr_line' id='line_1_35' title="bbox 367 3983 1513 4085; baseline 0.008 -30"><span class='ocrx_word' id='word_1_276' title='bbox 367 4000 443 4055; x_wconf 78' lang='lat' dir='ltr'><strong>turn</strong></span> <span class='ocrx_word' id='word_1_277' title='bbox 461 3986 595 4067; x_wconf 84' lang='lat' dir='ltr'><strong>videre,</strong></span> <span class='ocrx_word' id='word_1_278' title='bbox 621 3989 748 4053; x_wconf 86' lang='lat' dir='ltr'><strong>aurium</strong></span> <span class='ocrx_word' id='word_1_279' title='bbox 775 3983 908 4066; x_wconf 83' lang='lat' dir='ltr'><strong>errdire,</strong></span> <span class='ocrx_word' id='word_1_280' title='bbox 945 3989 1009 4054; x_wconf 86' lang='lat' dir='ltr'><strong>oris</strong></span> <span class='ocrx_word' id='word_1_281' title='bbox 1024 3987 1171 4077; x_wconf 83' lang='lat' dir='ltr'><strong>gustare,</strong></span> <span class='ocrx_word' id='word_1_282' title='bbox 1204 3994 1328 4058; x_wconf 88' lang='lat' dir='ltr'><strong>narinm</strong></span> <span class='ocrx_word' id='word_1_283' title='bbox 1365 3993 1513 4085; x_wconf 77' lang='lat' dir='ltr'><strong>olfacere,</strong></span> 
     </span>
     <span class='ocr_line' id='line_1_36' title="bbox 371 4079 1518 4181; baseline 0.006 -30"><span class='ocrx_word' id='word_1_284' title='bbox 371 4105 524 4151; x_wconf 79' lang='lat' dir='ltr'><strong>monerem</strong></span> <span class='ocrx_word' id='word_1_285' title='bbox 542 4097 666 4174; x_wconf 80' lang='lat' dir='ltr'><strong>tongere</strong></span> <span class='ocrx_word' id='word_1_286' title='bbox 686 4107 699 4161; x_wconf 74' lang='lat'><strong>‚-</strong></span> <span class='ocrx_word' id='word_1_287' title='bbox 717 4079 775 4167; x_wconf 80' lang='lat' dir='ltr'><strong>fed</strong></span> <span class='ocrx_word' id='word_1_288' title='bbox 798 4106 862 4173; x_wconf 80' lang='lat' dir='ltr'><strong>qua</strong></span> <span class='ocrx_word' id='word_1_289' title='bbox 888 4079 1021 4161; x_wconf 80' lang='lat' dir='ltr'><strong>videre,</strong></span> <span class='ocrx_word' id='word_1_290' title='bbox 1046 4081 1184 4166; x_wconf 79' lang='lat' dir='ltr'><strong>audire,</strong></span> <span class='ocrx_word' id='word_1_291' title='bbox 1216 4101 1370 4178; x_wconf 83' lang='lat' dir='ltr'><strong>tongere,</strong></span> <span class='ocrx_word' id='word_1_292' title='bbox 1396 4093 1518 4181; x_wconf 80' lang='lat' dir='ltr'><strong>gustare</strong></span> 
     </span>
     <span class='ocr_line' id='line_1_37' title="bbox 372 4174 1523 4276; baseline 0.008 -29"><span class='ocrx_word' id='word_1_293' title='bbox 372 4174 417 4263; x_wconf 63' lang='lat'><strong>89⁹</strong></span> <span class='ocrx_word' id='word_1_294' title='bbox 441 4177 571 4270; x_wconf 84' lang='lat' dir='ltr'><strong>olfacere</strong></span> <span class='ocrx_word' id='word_1_295' title='bbox 597 4182 782 4260; x_wconf 83' lang='lat' dir='ltr'><strong>conveniat,</strong></span> <span class='ocrx_word' id='word_1_296' title='bbox 805 4175 1050 4266; x_wconf 75' lang='lat' dir='ltr'><strong>eonsensum,</strong></span> <span class='ocrx_word' id='word_1_297' title='bbox 1068 4177 1127 4269; x_wconf 79' lang='lat' dir='ltr'><strong>sed</strong></span> <span class='ocrx_word' id='word_1_298' title='bbox 1143 4185 1269 4264; x_wconf 82' lang='lat' dir='ltr'><strong>anime,</strong></span> <span class='ocrx_word' id='word_1_299' title='bbox 1296 4185 1417 4276; x_wconf 74' lang='lat' dir='ltr'><strong>eiusque</strong></span> <span class='ocrx_word' id='word_1_300' title='bbox 1435 4211 1523 4260; x_wconf 85' lang='lat' dir='ltr'><strong>men-</strong></span> 
     </span>
     <span class='ocr_line' id='line_1_38' title="bbox 376 4271 1522 4365; baseline 0.011 -22"><span class='ocrx_word' id='word_1_301' title='bbox 376 4281 417 4346; x_wconf 85' lang='lat' dir='ltr'><strong>tis</strong></span> <span class='ocrx_word' id='word_1_302' title='bbox 442 4275 490 4346; x_wconf 67' lang='lat' dir='ltr'><strong>eff</strong></span> <span class='ocrx_word' id='word_1_303' title='bbox 515 4272 696 4365; x_wconf 81' lang='lat' dir='ltr'><strong>dijudicare.</strong></span> <span class='ocrx_word' id='word_1_304' title='bbox 724 4274 853 4357; x_wconf 59' lang='grc' dir='ltr'><strong>ψυχῆς,</strong></span> <span class='ocrx_word' id='word_1_305' title='bbox 882 4274 935 4354; x_wconf 67' lang='lat' dir='ltr'><strong>eoi</strong></span> <span class='ocrx_word' id='word_1_306' title='bbox 971 4273 1009 4338; x_wconf 73' lang='grc' dir='ltr'><strong>τῦ</strong></span> <span class='ocrx_word' id='word_1_307' title='bbox 1041 4271 1150 4346; x_wconf 76' lang='lat' dir='ltr'><strong>noeo&#39;roe</strong></span> <span class='ocrx_word' id='word_1_308' title='bbox 1175 4281 1216 4342; x_wconf 75' lang='lat' dir='ltr'><strong>vri·</strong></span> <span class='ocrx_word' id='word_1_309' title='bbox 1268 4274 1403 4353; x_wconf 87' lang='lat' dir='ltr'><strong>Nonne</strong></span> <span class='ocrx_word' id='word_1_310' title='bbox 1429 4280 1522 4356; x_wconf 80' lang='lat' dir='ltr'><strong>ciete</strong></span> 
     </span>
     <span class='ocr_line' id='line_1_39' title="bbox 376 4366 1523 4463; baseline 0.01 -21"><span class='ocrx_word' id='word_1_311' title='bbox 376 4366 516 4462; x_wconf 89' lang='lat' dir='ltr'><strong>liquet,</strong></span> <span class='ocrx_word' id='word_1_312' title='bbox 544 4390 627 4443; x_wconf 90' lang='lat' dir='ltr'><strong>cum</strong></span> <span class='ocrx_word' id='word_1_313' title='bbox 647 4366 799 4442; x_wconf 87' lang='lat' dir='ltr'><strong>animam</strong></span> <span class='ocrx_word' id='word_1_314' title='bbox 823 4370 1154 4463; x_wconf 88' lang='lat' dir='ltr'><strong>ejusque&#39;mentem</strong></span> <span class='ocrx_word' id='word_1_315' title='bbox 1183 4375 1376 4461; x_wconf 87' lang='lat' dir='ltr'><strong>nominat,</strong></span> <span class='ocrx_word' id='word_1_316' title='bbox 1409 4401 1523 4453; x_wconf 90' lang='lat' dir='ltr'><strong>unum</strong></span> 
     </span>
     <span class='ocr_line' id='line_1_40' title="bbox 377 4461 1525 4563; baseline 0.006 -23"><span class='ocrx_word' id='word_1_317' title='bbox 377 4466 606 4545; x_wconf 83' lang='lat' dir='ltr'><strong>individuum</strong></span> <span class='ocrx_word' id='word_1_318' title='bbox 626 4461 787 4563; x_wconf 87' lang='lat' dir='ltr'><strong>spiritum</strong></span> <span class='ocrx_word' id='word_1_319' title='bbox 807 4488 826 4544; x_wconf 87' lang='lat' dir='ltr'><strong>a</strong></span> <span class='ocrx_word' id='word_1_320' title='bbox 846 4462 1093 4562; x_wconf 82' lang='lat' dir='ltr'><strong>i&#39;apirntiffimo</strong></span> <span class='ocrx_word' id='word_1_321' title='bbox 1111 4469 1189 4544; x_wconf 87' lang='lat' dir='ltr'><strong>viro</strong></span> <span class='ocrx_word' id='word_1_322' title='bbox 1207 4469 1425 4551; x_wconf 77' lang='lat' dir='ltr'><strong>intelieiium</strong></span> <span class='ocrx_word' id='word_1_323' title='bbox 1445 4473 1525 4558; x_wconf 77' lang='lat' dir='ltr'><strong>eise,</strong></span> 
     </span>
    </p>
   </div>
   <div class='ocr_carea' id='block_1_3' title="bbox 924 4558 1529 4652">
    <p class='ocr_par' dir='ltr' id='par_1_7' title="bbox 924 4558 1529 4652">
     <span class='ocr_line' id='line_1_41' title="bbox 924 4558 1529 4652; baseline -0.015 1"><span class='ocrx_word' id='word_1_324' title='bbox 924 4558 1014 4652; x_wconf 86' lang='lat' dir='ltr'><strong>M5</strong></span> <span class='ocrx_word' id='word_1_325' title='bbox 1433 4569 1529 4646; x_wconf 82' lang='lat' dir='ltr'><strong>&amp;ad</strong></span> 
     </span>
    </p>
   </div>
   <div class='ocr_carea' id='block_1_4' title="bbox 0 0 1907 5459">
    <p class='ocr_par' dir='ltr' id='par_1_8' title="bbox 0 0 1907 5459">
     <span class='ocr_line' id='line_1_42' title="bbox 0 0 1907 5459; baseline 0 0"><span class='ocrx_word' id='word_1_326' title='bbox 0 0 1907 5459; x_wconf 95' lang='lat' dir='ltr'><strong> </strong></span> 
     </span>
    </p>
   </div>
  </div>
 </body>
</html>
