3709 5459
348 632 422 701 aaa
562 620 835 735 cnivis
882 622 1286 713 monaulon.

352 788 414 863 cui
445 786 574 879 ignave
600 776 844 877 insultabant,
888 790 1063 890 quodque
1093 792 1201 868 armis
1233 784 1494 889 perfodiebant,

354 884 573 978 liqueretur
595 884 649 958 hoc
671 887 735 959 loco
1335 920 1340 941 ·

375 979 487 1057 'Nec
520 982 707 1056 humanius
735 983 893 1058 habitum
922 985 1053 1071 dicitur
1083 982 1201 1083 Tydei
1231 980 1386 1064 cadaver
1415 983 1497 1083 apud

326 1170 329 1177 Ι
359 1082 518 1167 Statium,
550 1078 766 1153 Tiniodiri
796 1088 849 1154 ΙΧ.
872 1110 904 1155 o.
925 1094 1003 1165 180.
1017 1082 1086 1176 sqq.

459 1188 596 1252 Ducitur
620 1176 716 1269 hostili
739 1194 749 1257 ί,
761 1176 840 1268 proh
859 1180 940 1250 deira
959 1186 1099 1271 potentia
1110 1175 1179 1272 sati
1190 1177 1234 1264 i)

464 1278 579 1369 indens
601 1279 648 1346 iiie
672 1274 757 1357 fiala,
788 1275 877 1351 modo
897 1284 949 1353 cui
980 1275 1120 1357 ilaebnna
1130 1276 1279 1370 sequenti

397 1430 400 1437 .
459 1380 614 1463 Annam,
642 1370 711 1457 &a
731 1370 801 1455 &c
1275 1448 1277 1453 .

295 1462 318 1515 '·
412 1467 522 1547 Unde
540 1468 681 1542 abunde
702 1482 815 1557 patet,
840 1466 934 1563 apud
953 1466 1033 1541 illos
1047 1464 1196 1562 vigoiile
1213 1466 1315 1542 illam
1331 1463 1510 1545 consueto.

367 1567 510 1649 dinem,
534 1588 638 1639 neca
663 1579 793 1639 virtute
817 1564 972 1641 &bonis
991 1567 1149 1638 moribus
1166 1564 1323 1639 alienam
1350 1564 1511 1642 creditam

365 1660 485 1747 soille,
505 1675 613 1757 prout
638 1663 766 1736 iterum
792 1661 952 1735 observat
975 1668 1101 1735 Servios
1123 1661 1158 1734 in
1178 1661 1442 1744 Mezentium,
1465 1664 1516 1760 qui

357 1755 1514 1949 'illl'ltl‘lltltltinlllllldillintrllli

371 1976 418 2029 ex
436 1977 511 2036 eo,
539 1950 638 2046 quod
659 1950 843 2044 postquam
869 1953 988 2032 AEinid.
1014 1952 1084 2028 Lib.
1105 1958 1143 2029 X.
1162 1952 1335 2048 subfinem
1356 1934 1437 2026 duo
1453 1966 1513 2025 tan.

372 2062 451 2124 tum
480 2046 623 2122 vulnera
654 2052 699 2120 ab
725 2044 836 2123 AEnea
862 2045 1033 2142 accepilie
1061 2048 1173 2122 dicius
1199 2047 1346 2132 fuerit,
1396 2048 1513 2140 inferius

375 2146 711 2229 meretritio.
735 2167 766 2233 9.
794 2147 830 2219 in
852 2144 1043 2220 duodecim
1066 2197 1077 2229 ‚
1099 2142 1176 2217 hoc
1194 2146 1265 2231 eil,
1301 2148 1342 2219 in
1369 2142 1514 2241 pluribus

374 2243 494 2325 locis,
529 2261 681 2314 numero
710 2237 813 2316 finito
849 2240 967 2335 polito
995 2262 1063 2338 pro
1097 2238 1317 2329 indefinito,
1356 2239 1513 2340 perfossa

374 2342 450 2435 ejus
478 2337 608 2414 thorax
629 2334 857 2411 describitur:

470 2474 517 2492 -
542 2435 588 2505 bis
608 2436 660 2519 fex
686 2434 811 2508 thoraca
831 2442 988 2529 peritum,

484 2527 711 2626 Perftffiunque
733 2534 813 2605 locis.
864 2571 912 2584 -

426 2624 605 2704 Gentibus
629 2628 781 2701 barbaris
811 2628 963 2721 vulgaris
985 2626 1051 2703 fait
1073 2625 1149 2704 haec
1175 2626 1413 2703 immanitas:
1442 2625 1518 2704 Leo-

348 2749 351 2756 ·
378 2723 472 2798 nidae
497 2729 592 2796 enim
622 2721 753 2816 Spartae
777 2727 921 2820 regiain
945 2728 1067 2820 praelio
1088 2739 1213 2801 contra
1239 2722 1411 2805 Xerxem
1432 2725 1521 2800 forti·

377 2835 434 2897 ter
462 2819 660 2917 pugnando
687 2817 790 2894 occist
818 2837 925 2916 caput
948 2825 1090 2916 perticae
1114 2817 1265 2895 infixum
1288 2823 1375 2914 Q&
1397 2844 1521 2918 corpur

381 2932 550 2997 truncum
574 2915 735 3011 patibulo
768 2915 964 3013 suspensum
994 2918 1072 3003 est,
1103 2919 1189 2993 teste
1207 2919 1373 2991 Herodoto
1399 2922 1438 2992 in
1463 2923 1523 2994 Gai

382 3014 472 3109 iiape.
525 3013 592 3087 Sed
612 3013 686 3087 haec
711 3010 838 3087 indicia
862 3014 898 3086 ἃ
920 3016 1037 3110 turpia
1059 3013 1215 3092 facinora
1238 3014 1376 3108 iamdiu
1401 3015 1524 3091 babue-

382 3125 462 3187 runt
480 3107 620 3197 Graeci3
647 3126 865 3205 quapropter
886 3108 1064 3184 Pausanias
1090 3111 1278 3205 Spartanus
1301 3110 1524 3196 sollicitatus,

386 3226 428 3281 ut
449 3214 582 3299 inJurrae
607 3203 775 3282 Leonidae
799 3206 902 3280 illatae
919 3210 955 3279 in
980 3205 1214 3281 Mardonium
1235 3206 1373 3282 Xerxis
1404 3209 1525 3283 ducem

385 3298 522 3385 Piataeis
547 3301 724 3376 devillom
759 3303 937 3377 vindicem
967 3300 999 3376 se
1019 3317 1194 3399 gereret,
1230 3316 1302 3378 tam
1332 3304 1529 3384 inhumanae

387 3399 578 3489 Graecique
603 3400 666 3471 viri
685 3400 839 3494 indignae
857 3397 1018 3473 vinditiae
1040 3398 1201 3474 conscius
1224 3454 1235 3483 ,
1262 3400 1316 3497 vel
1339 3401 1439 3476 illam
1458 3426 1528 3497 per-

385 3502 528 3577 mittere
546 3495 690 3579 nonita
715 3497 790 3568 imo
807 3494 881 3593 ipio
905 3495 989 3569 belli
1014 3492 1162 3587 Trojaui
1183 3518 1259 3571 arvo
1281 3520 1354 3594 prae
1375 3501 1529 3573 moribus

385 3606 466 3673 tum
490 3588 635 3671 suorum
656 3594 861 3686 majorum,
887 3605 964 3667 tum
986 3591 1198 3687 reliquarum
1224 3595 1389 3690 gentium
1413 3595 1530 3671 huma·

388 3694 509 3766 mores
533 3706 630 3767 erant
654 3686 779 3765 Graeci.
833 3686 989 3764 Suorum
1020 3688 1270 3764 dei'uollorum
1296 3713 1453 3789 corpora
1474 3694 1532 3765 hu·

389 3809 453 3863 mo
473 3786 639 3859 mandare
666 3786 825 3859 hostibus
844 3808 906 3881 per
922 3782 1074 3859 <viliores
1094 3783 1185 3861 olim
1199 3808 1273 3859 non
1294 3786 1450 3876 licebat,
1477 3786 1532 3862 nili

388 3884 486 3985 prius
500 3878 605 3975 largis
621 3883 776 3957 numanis
796 3880 852 3957 illa
867 3878 1112 3956 redemissent:
1138 3882 1240 3974 cujus
1255 3883 1444 3961 inhumani
1461 3907 1533 3959 mo·

322 3970 326 3981 ’
390 3982 438 4055 ris
464 3977 648 4053 nonnulla‘
668 3977 805 4052 exllant
834 3977 976 4073 vestigia
1003 3976 1099 4073 apud
1128 3984 1327 4077 Homerum
1372 3979 1533 4057 Hectoris

392 4074 540 4151 cadaver
565 4075 609 4149 ab
635 4072 774 4151 Achille
808 4094 943 4168 magno
975 4076 1093 4166 pretio
1121 4073 1351 4153 redemerunt
1379 4074 1535 4167 Troiani.

393 4173 482 4250 iliad.
511 4184 550 4237 o·
590 4169 742 4247 Achillia
763 4191 850 4245 varo
879 4171 923 4245 de
946 4166 1188 4264 Troianorum
1212 4174 1376 4248 manibus
1402 4175 1537 4251 tedem-

392 4278 472 4345 tom
498 4267 547 4341 est
574 4269 704 4343 eodem
734 4267 879 4362 pretio,
920 4267 1019 4362 quod
1051 4290 1117 4363 pro
1149 4264 1304 4345 Hedore
1334 4285 1537 4366 acceperat,

394 4363 494 4454 juxta
524 4363 751 4459 Lycnpiaronem
785 4364 980 4459 Crffendrn,
1028 4392 1059 4437 v.
1087 4375 1175 4450 269.'
1219 4363 1324 4441 Nisus
1358 4391 1378 4442 a
1418 4369 1540 4464 Virgilio

397 4462 519 4541 satiata
535 4462 606 4544 Lib.
629 4469 684 4542 IX.
709 4489 740 4537 a.
768 4479 846 4553 123.
871 4458 1054 4539 inducitur
1075 4464 1228 4540 amicum
1251 4460 1473 4562 Euryalum,
1501 4486 1542 4537 ne

517 4602 519 4606 ·
1447 4574 1543 4640 tanto
